[gd_scene load_steps=19 format=2]

[ext_resource path="res://theme resources/dash_theme.tres" type="Theme" id=1]
[ext_resource path="res://title_menu/lobby.gd" type="Script" id=2]
[ext_resource path="res://theme resources/cubscout-background.png" type="Texture" id=3]
[ext_resource path="res://theme resources/ItemList.svg" type="Texture" id=4]
[ext_resource path="res://theme resources/Closeness.ttf" type="DynamicFontData" id=5]
[ext_resource path="res://title_menu/START-FONT.tres" type="DynamicFont" id=6]
[ext_resource path="res://theme resources/ToolTipYellow.svg" type="Texture" id=7]
[ext_resource path="res://theme resources/aw_field_font.tres" type="DynamicFont" id=8]
[ext_resource path="res://title_menu/character_select.gd" type="Script" id=9]
[ext_resource path="res://player/charwalk.png" type="Texture" id=10]
[ext_resource path="res://assets/lobby_menu/GoBackGreyBottom.png" type="Texture" id=11]
[ext_resource path="res://assets/lobby_menu/GoBackTopBottom.png" type="Texture" id=12]
[ext_resource path="res://assets/lobby_menu/GoBackIcon.png" type="Texture" id=13]
[ext_resource path="res://assets/main_menu/GoBack.png" type="Texture" id=14]
[ext_resource path="res://assets/SFX/select.ogg" type="AudioStream" id=15]

[sub_resource type="StyleBoxTexture" id=1]

content_margin_left = -1.0
content_margin_right = -1.0
content_margin_top = -1.0
content_margin_bottom = -1.0
texture = ExtResource( 4 )
region_rect = Rect2( 0, 0, 430, 244 )
margin_left = 0.0
margin_right = 0.0
margin_top = 0.0
margin_bottom = 0.0
expand_margin_left = 0.0
expand_margin_right = 0.0
expand_margin_top = 0.0
expand_margin_bottom = 0.0
modulate_color = Color( 1, 1, 1, 1 )
draw_center = true

[sub_resource type="DynamicFont" id=2]

size = 76
use_mipmaps = false
use_filter = false
font_data = ExtResource( 5 )
_sections_unfolded = [ "Extra Spacing", "Font", "Settings" ]

[sub_resource type="StyleBoxTexture" id=3]

content_margin_left = -1.0
content_margin_right = -1.0
content_margin_top = -1.0
content_margin_bottom = -1.0
texture = ExtResource( 7 )
region_rect = Rect2( 0, 0, 642, 226 )
margin_left = 0.0
margin_right = 0.0
margin_top = 0.0
margin_bottom = 0.0
expand_margin_left = 0.0
expand_margin_right = 0.0
expand_margin_top = 0.0
expand_margin_bottom = 0.0
modulate_color = Color( 1, 1, 1, 1 )
draw_center = true

[node name="lobby" type="Control"]

anchor_left = 0.0
anchor_top = 0.0
anchor_right = 1.0
anchor_bottom = 1.0
margin_left = 4.0
margin_right = 3.0
margin_bottom = -18.0
rect_pivot_offset = Vector2( 0, 0 )
rect_clip_content = false
mouse_filter = 0
mouse_default_cursor_shape = 0
size_flags_horizontal = 2
size_flags_vertical = 2
theme = ExtResource( 1 )
script = ExtResource( 2 )
_sections_unfolded = [ "Size Flags", "Theme" ]

[node name="Sprite" type="Sprite" parent="." index="0"]

position = Vector2( 680, 380 )
scale = Vector2( 1.06411, 1.06411 )
texture = ExtResource( 3 )
_sections_unfolded = [ "Animation", "Material", "Offset", "Pause", "Region", "Transform", "Visibility", "Z Index" ]

[node name="players" type="Panel" parent="." index="1"]

visible = false
anchor_left = 0.0
anchor_top = 0.0
anchor_right = 0.0
anchor_bottom = 0.0
margin_left = 103.0
margin_top = 136.0
margin_right = 1026.0
margin_bottom = 520.0
rect_pivot_offset = Vector2( 0, 0 )
rect_clip_content = false
mouse_filter = 0
mouse_default_cursor_shape = 0
size_flags_horizontal = 2
size_flags_vertical = 2
custom_styles/panel = SubResource( 1 )
_sections_unfolded = [ "Size Flags", "Theme", "Visibility", "custom_styles" ]

[node name="label" type="Label" parent="players" index="0"]

anchor_left = 0.0
anchor_top = 0.0
anchor_right = 0.0
anchor_bottom = 0.0
margin_left = -67.0
margin_top = -92.0
margin_right = 902.0
margin_bottom = 12.0
rect_pivot_offset = Vector2( 0, 0 )
rect_clip_content = false
mouse_filter = 2
mouse_default_cursor_shape = 0
size_flags_horizontal = 2
size_flags_vertical = 0
custom_fonts/font = SubResource( 2 )
text = "Awaiting Players..."
percent_visible = 1.0
lines_skipped = 0
max_lines_visible = -1
_sections_unfolded = [ "Theme", "custom_colors", "custom_constants", "custom_fonts", "custom_styles" ]

[node name="start" type="Button" parent="players" index="1"]

anchor_left = 0.0
anchor_top = 0.0
anchor_right = 0.0
anchor_bottom = 0.0
margin_left = 788.0
margin_top = 500.0
margin_right = 1232.0
margin_bottom = 700.0
rect_scale = Vector2( 1, 0.75 )
rect_pivot_offset = Vector2( 0, 0 )
rect_clip_content = false
focus_mode = 2
mouse_filter = 0
mouse_default_cursor_shape = 0
size_flags_horizontal = 2
size_flags_vertical = 2
custom_fonts/font = ExtResource( 6 )
toggle_mode = false
enabled_focus_mode = 2
shortcut = null
group = null
flat = false
clip_text = true
align = 1
_sections_unfolded = [ "Anchor", "Margin", "Rect", "Theme", "custom_fonts", "custom_styles" ]

[node name="Label" type="Label" parent="players/start" index="0"]

anchor_left = 0.0
anchor_top = 0.0
anchor_right = 0.0
anchor_bottom = 0.0
margin_left = 51.0
margin_top = 13.0
margin_right = 394.0
margin_bottom = 121.0
rect_scale = Vector2( 0.5, 0.66 )
rect_pivot_offset = Vector2( 0, 0 )
rect_clip_content = false
mouse_filter = 2
mouse_default_cursor_shape = 0
size_flags_horizontal = 1
size_flags_vertical = 4
custom_fonts/font = ExtResource( 6 )
custom_colors/font_color_shadow = Color( 0, 0, 0, 0.530392 )
custom_constants/shadow_offset_x = 20
custom_constants/shadow_offset_y = 20
text = "START!"
percent_visible = 1.0
lines_skipped = 0
max_lines_visible = -1
_sections_unfolded = [ "Rect", "custom_colors", "custom_constants", "custom_fonts" ]

[node name="list" type="ItemList" parent="players" index="2"]

anchor_left = 0.0
anchor_top = 0.0
anchor_right = 0.0
anchor_bottom = 0.0
margin_left = 77.0
margin_top = 8.0
margin_right = 881.0
margin_bottom = 384.0
rect_pivot_offset = Vector2( 0, 0 )
rect_clip_content = true
focus_mode = 2
mouse_filter = 0
mouse_default_cursor_shape = 0
size_flags_horizontal = 2
size_flags_vertical = 2
items = [  ]
select_mode = 0
allow_reselect = false
icon_mode = 1
fixed_icon_size = Vector2( 0, 0 )
_sections_unfolded = [ "Focus", "Mouse", "Rect", "Theme", "custom_styles" ]

[node name="connect" type="Panel" parent="." index="2"]

anchor_left = 0.0
anchor_top = 0.0
anchor_right = 0.0
anchor_bottom = 0.0
margin_left = 380.0
margin_top = 83.0
margin_right = 994.0
margin_bottom = 494.0
rect_pivot_offset = Vector2( 0, 0 )
rect_clip_content = false
mouse_filter = 0
mouse_default_cursor_shape = 0
size_flags_horizontal = 2
size_flags_vertical = 2
custom_styles/panel = SubResource( 3 )
_sections_unfolded = [ "Grow Direction", "Margin", "Material", "Theme", "Visibility", "custom_styles" ]

[node name="name_label" type="Label" parent="connect" index="0"]

anchor_left = 0.0
anchor_top = 0.0
anchor_right = 0.0
anchor_bottom = 0.0
margin_left = 30.0
margin_right = 129.0
margin_bottom = 44.0
rect_pivot_offset = Vector2( 0, 0 )
rect_clip_content = false
mouse_filter = 2
mouse_default_cursor_shape = 0
size_flags_horizontal = 2
size_flags_vertical = 0
custom_colors/font_color_shadow = Color( 0, 0, 0, 0.498039 )
custom_constants/shadow_offset_x = 2
custom_constants/shadow_offset_y = 2
text = "Name:"
percent_visible = 1.0
lines_skipped = 0
max_lines_visible = -1
_sections_unfolded = [ "Margin", "custom_colors", "custom_constants", "custom_fonts" ]

[node name="name" type="LineEdit" parent="connect" index="1"]

anchor_left = 0.0
anchor_top = 0.0
anchor_right = 0.0
anchor_bottom = 0.0
margin_left = 35.0
margin_top = 50.0
margin_right = 330.0
margin_bottom = 100.0
rect_pivot_offset = Vector2( 0, 0 )
rect_clip_content = false
focus_mode = 2
mouse_filter = 0
mouse_default_cursor_shape = 1
size_flags_horizontal = 2
size_flags_vertical = 2
custom_fonts/font = ExtResource( 8 )
text = "New Student"
focus_mode = 2
context_menu_enabled = true
placeholder_alpha = 0.6
caret_blink = false
caret_blink_speed = 0.65
caret_position = 0
_sections_unfolded = [ "Margin", "Rect", "Theme", "custom_fonts" ]

[node name="ip_label" type="Label" parent="connect" index="2"]

anchor_left = 0.0
anchor_top = 0.0
anchor_right = 0.0
anchor_bottom = 0.0
margin_left = 45.0
margin_top = 110.0
margin_right = 91.0
margin_bottom = 154.0
rect_pivot_offset = Vector2( 0, 0 )
rect_clip_content = false
mouse_filter = 2
mouse_default_cursor_shape = 0
size_flags_horizontal = 2
size_flags_vertical = 0
custom_colors/font_color_shadow = Color( 0, 0, 0, 0.498039 )
custom_constants/shadow_offset_x = 2
custom_constants/shadow_offset_y = 2
text = "IP:"
percent_visible = 1.0
lines_skipped = 0
max_lines_visible = -1
_sections_unfolded = [ "Margin", "custom_colors", "custom_constants" ]

[node name="ip" type="LineEdit" parent="connect" index="3"]

anchor_left = 0.0
anchor_top = 0.0
anchor_right = 0.0
anchor_bottom = 0.0
margin_left = 45.0
margin_top = 150.0
margin_right = 330.0
margin_bottom = 194.0
rect_pivot_offset = Vector2( 0, 0 )
rect_clip_content = false
focus_mode = 2
mouse_filter = 0
mouse_default_cursor_shape = 1
size_flags_horizontal = 2
size_flags_vertical = 2
text = "127.0.0.1"
focus_mode = 2
context_menu_enabled = true
placeholder_alpha = 0.6
caret_blink = false
caret_blink_speed = 0.65
caret_position = 0
_sections_unfolded = [ "Margin" ]

[node name="host" type="Button" parent="connect" index="4"]

anchor_left = 0.0
anchor_top = 0.0
anchor_right = 0.0
anchor_bottom = 0.0
margin_left = 400.0
margin_top = 40.0
margin_right = 535.0
margin_bottom = 115.0
rect_pivot_offset = Vector2( 0, 0 )
rect_clip_content = false
focus_mode = 2
mouse_filter = 0
mouse_default_cursor_shape = 0
size_flags_horizontal = 2
size_flags_vertical = 2
toggle_mode = false
enabled_focus_mode = 2
shortcut = null
group = null
flat = false
align = 1
_sections_unfolded = [ "Margin" ]

[node name="Label" type="Label" parent="connect/host" index="0"]

anchor_left = 0.0
anchor_top = 0.0
anchor_right = 0.0
anchor_bottom = 0.0
margin_left = 28.0
margin_top = 15.0
margin_right = 112.0
margin_bottom = 59.0
rect_pivot_offset = Vector2( 0, 0 )
rect_clip_content = false
mouse_filter = 2
mouse_default_cursor_shape = 0
size_flags_horizontal = 1
size_flags_vertical = 4
custom_colors/font_color_shadow = Color( 0, 0, 0, 0.498039 )
custom_constants/shadow_offset_x = 3
custom_constants/shadow_offset_y = 3
text = "Host"
percent_visible = 1.0
lines_skipped = 0
max_lines_visible = -1
_sections_unfolded = [ "Rect", "custom_colors", "custom_constants" ]

[node name="join" type="Button" parent="connect" index="5"]

anchor_left = 0.0
anchor_top = 0.0
anchor_right = 0.0
anchor_bottom = 0.0
margin_left = 400.0
margin_top = 130.0
margin_right = 535.0
margin_bottom = 200.0
rect_pivot_offset = Vector2( 0, 0 )
rect_clip_content = false
focus_mode = 2
mouse_filter = 0
mouse_default_cursor_shape = 0
size_flags_horizontal = 2
size_flags_vertical = 2
toggle_mode = false
enabled_focus_mode = 2
shortcut = null
group = null
flat = false
align = 1
_sections_unfolded = [ "Focus", "Margin" ]

[node name="Label" type="Label" parent="connect/join" index="0"]

anchor_left = 0.0
anchor_top = 0.0
anchor_right = 0.0
anchor_bottom = 0.0
margin_left = 31.0
margin_top = 14.0
margin_right = 106.0
margin_bottom = 58.0
rect_pivot_offset = Vector2( 0, 0 )
rect_clip_content = false
mouse_filter = 2
mouse_default_cursor_shape = 0
size_flags_horizontal = 1
size_flags_vertical = 4
custom_colors/font_color_shadow = Color( 0, 0, 0, 0.498039 )
custom_constants/shadow_offset_x = 3
custom_constants/shadow_offset_y = 3
text = "Join"
percent_visible = 1.0
lines_skipped = 0
max_lines_visible = -1
_sections_unfolded = [ "custom_colors", "custom_constants" ]

[node name="error_label" type="Label" parent="connect" index="6"]

anchor_left = 0.0
anchor_top = 0.0
anchor_right = 0.0
anchor_bottom = 0.0
margin_left = 100.0
margin_top = 215.0
margin_right = 500.0
margin_bottom = 260.0
rect_pivot_offset = Vector2( 0, 0 )
rect_clip_content = false
mouse_filter = 2
mouse_default_cursor_shape = 0
size_flags_horizontal = 2
size_flags_vertical = 0
custom_colors/font_color = Color( 0.820312, 0.291595, 0.291595, 1 )
align = 1
valign = 1
percent_visible = 1.0
lines_skipped = 0
max_lines_visible = -1
_sections_unfolded = [ "Margin" ]

[node name="char_sel" type="Label" parent="connect" index="7"]

anchor_left = 0.0
anchor_top = 0.0
anchor_right = 0.0
anchor_bottom = 0.0
margin_left = 176.0
margin_top = 233.0
margin_right = 451.0
margin_bottom = 277.0
rect_pivot_offset = Vector2( 0, 0 )
rect_clip_content = false
mouse_filter = 2
mouse_default_cursor_shape = 0
size_flags_horizontal = 2
size_flags_vertical = 0
custom_colors/font_color_shadow = Color( 0, 0, 0, 0.498039 )
custom_constants/shadow_offset_x = 2
custom_constants/shadow_offset_y = 2
text = "Character Select"
align = 1
percent_visible = 1.0
lines_skipped = 0
max_lines_visible = -1
script = ExtResource( 9 )
_sections_unfolded = [ "Margin", "custom_colors", "custom_constants" ]

[node name="sprite" type="Sprite" parent="connect/char_sel" index="0"]

position = Vector2( 141.135, 93.4793 )
scale = Vector2( 2.73737, 2.73737 )
texture = ExtResource( 10 )
vframes = 4
hframes = 4
_sections_unfolded = [ "Animation", "Material", "Offset", "Region", "Transform", "Visibility", "Z Index" ]

[node name="animate" type="AnimationPlayer" parent="connect/char_sel/sprite" index="0"]

root_node = NodePath("..")
autoplay = ""
playback_process_mode = 1
playback_default_blend_time = 0.0
playback_speed = 1.0
blend_times = [  ]

[node name="Backward" type="Button" parent="connect/char_sel" index="1"]

anchor_left = 0.0
anchor_top = 0.0
anchor_right = 0.0
anchor_bottom = 0.0
margin_left = -62.0
margin_top = 90.0
margin_right = 16.0
margin_bottom = 138.0
rect_pivot_offset = Vector2( 0, 0 )
rect_clip_content = false
focus_mode = 2
mouse_filter = 0
mouse_default_cursor_shape = 0
size_flags_horizontal = 1
size_flags_vertical = 1
toggle_mode = false
enabled_focus_mode = 2
shortcut = null
group = null
text = "<<"
flat = false
align = 1
_sections_unfolded = [ "Margin" ]

[node name="Forward" type="Button" parent="connect/char_sel" index="2"]

anchor_left = 0.0
anchor_top = 0.0
anchor_right = 0.0
anchor_bottom = 0.0
margin_left = 269.0
margin_top = 93.0
margin_right = 347.0
margin_bottom = 141.0
rect_pivot_offset = Vector2( 0, 0 )
rect_clip_content = false
focus_mode = 2
mouse_filter = 0
mouse_default_cursor_shape = 0
size_flags_horizontal = 1
size_flags_vertical = 1
toggle_mode = false
enabled_focus_mode = 2
shortcut = null
group = null
text = ">>"
flat = false
align = 1
_sections_unfolded = [ "Margin" ]

[node name="error" type="AcceptDialog" parent="." index="3"]

visible = false
anchor_left = 0.0
anchor_top = 0.0
anchor_right = 0.0
anchor_bottom = 0.0
margin_right = 55.0
margin_bottom = 58.0
rect_pivot_offset = Vector2( 0, 0 )
rect_clip_content = false
mouse_filter = 0
mouse_default_cursor_shape = 0
size_flags_horizontal = 2
size_flags_vertical = 2
popup_exclusive = false
window_title = "Alert!"
resizable = false
dialog_hide_on_ok = true

[node name="GoBackButton" type="TextureButton" parent="." index="4"]

anchor_left = 0.0
anchor_top = 0.0
anchor_right = 0.0
anchor_bottom = 0.0
margin_left = -9.0
margin_top = 658.0
margin_right = 532.0
margin_bottom = 808.0
rect_pivot_offset = Vector2( 0, 0 )
rect_clip_content = false
focus_mode = 2
mouse_filter = 0
mouse_default_cursor_shape = 0
size_flags_horizontal = 1
size_flags_vertical = 1
toggle_mode = false
enabled_focus_mode = 2
shortcut = null
group = null
texture_normal = ExtResource( 11 )
texture_hover = ExtResource( 12 )
_sections_unfolded = [ "Focus", "Textures" ]

[node name="backarrow" type="Sprite" parent="GoBackButton" index="0"]

position = Vector2( 372.076, 54.7158 )
scale = Vector2( 0.12641, 0.12641 )
texture = ExtResource( 13 )

[node name="backtext" type="Sprite" parent="." index="5"]

position = Vector2( 156.149, 715.248 )
scale = Vector2( 0.363502, 0.363502 )
texture = ExtResource( 14 )

[node name="Selected" type="AudioStreamPlayer" parent="." index="6"]

stream = ExtResource( 15 )
volume_db = -10.0
autoplay = false
mix_target = 0
bus = "SFX"

[connection signal="pressed" from="players/start" to="." method="_on_start_pressed"]

[connection signal="pressed" from="connect/host" to="." method="_on_pressed"]

[connection signal="pressed" from="connect/host" to="." method="_on_host_pressed"]

[connection signal="pressed" from="connect/join" to="." method="_on_pressed"]

[connection signal="pressed" from="connect/join" to="." method="_on_join_pressed"]

[connection signal="pressed" from="connect/char_sel/Backward" to="." method="_on_pressed"]

[connection signal="pressed" from="connect/char_sel/Backward" to="connect/char_sel" method="_on_Backward_pressed"]

[connection signal="pressed" from="connect/char_sel/Forward" to="." method="_on_pressed"]

[connection signal="pressed" from="connect/char_sel/Forward" to="connect/char_sel" method="_on_Forward_pressed"]

[connection signal="pressed" from="GoBackButton" to="." method="_on_pressed"]

[connection signal="pressed" from="GoBackButton" to="." method="_on_GoBackButton_pressed"]


