[gd_scene load_steps=10 format=2]

[ext_resource path="res://theme resources/dash_theme.tres" type="Theme" id=1]
[ext_resource path="res://title_menu/lobby.gd" type="Script" id=2]
[ext_resource path="res://theme resources/cubscout-background.png" type="Texture" id=3]
[ext_resource path="res://assets/main_menu/tutorial3.png" type="Texture" id=4]
[ext_resource path="res://assets/lobby_menu/GoBackGreyBottom.png" type="Texture" id=5]
[ext_resource path="res://assets/lobby_menu/GoBackTopBottom.png" type="Texture" id=6]
[ext_resource path="res://assets/lobby_menu/GoBackIcon.png" type="Texture" id=7]
[ext_resource path="res://assets/main_menu/GoBack.png" type="Texture" id=8]
[ext_resource path="res://assets/SFX/select.ogg" type="AudioStream" id=9]

[node name="lobby" type="Control"]

anchor_left = 0.0
anchor_top = 0.0
anchor_right = 1.0
anchor_bottom = 1.0
margin_left = 4.0
margin_right = 3.0
margin_bottom = -18.0
rect_pivot_offset = Vector2( 0, 0 )
mouse_filter = 0
mouse_default_cursor_shape = 0
size_flags_horizontal = 2
size_flags_vertical = 2
theme = ExtResource( 1 )
script = ExtResource( 2 )
_sections_unfolded = [ "Size Flags", "Theme" ]

[node name="Sprite" type="Sprite" parent="." index="0"]

position = Vector2( 705.909, 339.286 )
scale = Vector2( 1.06411, 1.06411 )
texture = ExtResource( 3 )
_sections_unfolded = [ "Animation", "Material", "Offset", "Pause", "Region", "Transform", "Visibility", "Z Index" ]

[node name="Sprite2" type="Sprite" parent="." index="1"]

position = Vector2( 677.639, 385.977 )
scale = Vector2( 0.825989, 0.825989 )
texture = ExtResource( 4 )

[node name="error" type="AcceptDialog" parent="." index="2"]

visible = false
anchor_left = 0.0
anchor_top = 0.0
anchor_right = 0.0
anchor_bottom = 0.0
margin_right = 55.0
margin_bottom = 58.0
rect_pivot_offset = Vector2( 0, 0 )
mouse_filter = 0
mouse_default_cursor_shape = 0
size_flags_horizontal = 2
size_flags_vertical = 2
popup_exclusive = false
window_title = "Alert!"
resizable = false
dialog_hide_on_ok = true

[node name="GoBackButton" type="TextureButton" parent="." index="3"]

anchor_left = 0.0
anchor_top = 0.0
anchor_right = 0.0
anchor_bottom = 0.0
margin_left = -7.0
margin_top = -41.0
margin_right = 498.0
margin_bottom = 109.0
rect_pivot_offset = Vector2( 0, 0 )
focus_mode = 2
mouse_filter = 0
mouse_default_cursor_shape = 0
size_flags_horizontal = 1
size_flags_vertical = 1
toggle_mode = false
enabled_focus_mode = 2
shortcut = null
group = null
texture_normal = ExtResource( 5 )
texture_hover = ExtResource( 6 )
_sections_unfolded = [ "Textures" ]

[node name="backarrow" type="Sprite" parent="GoBackButton" index="0"]

position = Vector2( 410.18, 70.8064 )
scale = Vector2( 0.135491, 0.135491 )
texture = ExtResource( 7 )

[node name="backtext" type="Sprite" parent="." index="4"]

position = Vector2( 184.061, 36.7839 )
scale = Vector2( 0.397459, 0.397459 )
texture = ExtResource( 8 )

[node name="Selected" type="AudioStreamPlayer" parent="." index="5"]

stream = ExtResource( 9 )
volume_db = -10.0
autoplay = false
mix_target = 0
bus = "SFX"

[connection signal="pressed" from="GoBackButton" to="." method="_on_pressed"]

[connection signal="pressed" from="GoBackButton" to="." method="_on_GoBackButtonNoCleanup_pressed"]


