[gd_scene load_steps=2 format=2]

[ext_resource path="res://puzzles/TEST_rhythm/tileset-background-1.png" type="Texture" id=1]

[node name="Node" type="Node"]

[node name="playspace" type="Sprite" parent="." index="0"]

position = Vector2( 24, 24 )
texture = ExtResource( 1 )
region_enabled = true
region_rect = Rect2( 0, 0, 48, 48 )
_sections_unfolded = [ "Animation", "Offset", "Region", "Transform" ]

[node name="wall-left" type="Sprite" parent="." index="1"]

position = Vector2( 72, 24 )
texture = ExtResource( 1 )
region_enabled = true
region_rect = Rect2( 50, 0, 48, 48 )
_sections_unfolded = [ "Offset", "Region", "Transform" ]

[node name="wall-top" type="Sprite" parent="." index="2"]

position = Vector2( 120, 24 )
texture = ExtResource( 1 )
region_enabled = true
region_rect = Rect2( 100, 0, 48, 48 )
_sections_unfolded = [ "Offset", "Region", "Transform" ]

[node name="wall-right" type="Sprite" parent="." index="3"]

position = Vector2( 168, 24 )
texture = ExtResource( 1 )
region_enabled = true
region_rect = Rect2( 150, 0, 48, 48 )
_sections_unfolded = [ "Material", "Offset", "Region", "Transform", "Visibility" ]

[node name="wall-bottom" type="Sprite" parent="." index="4"]

position = Vector2( 216, 24 )
texture = ExtResource( 1 )
region_enabled = true
region_rect = Rect2( 200, 0, 48, 48 )
_sections_unfolded = [ "Offset", "Region", "Transform", "Z Index" ]

[node name="wall" type="Sprite" parent="." index="5"]

position = Vector2( 264, 24 )
texture = ExtResource( 1 )
region_enabled = true
region_rect = Rect2( 250, 0, 48, 48 )
_sections_unfolded = [ "Offset", "Region", "Transform" ]

[node name="wall-corner-top-left" type="Sprite" parent="." index="6"]

position = Vector2( 312, 24 )
texture = ExtResource( 1 )
region_enabled = true
region_rect = Rect2( 300, 0, 48, 48 )
_sections_unfolded = [ "Material", "Offset", "Region", "Transform", "Visibility" ]

[node name="wall-corner-bottom-right" type="Sprite" parent="." index="7"]

position = Vector2( 360, 24 )
texture = ExtResource( 1 )
region_enabled = true
region_rect = Rect2( 350, 0, 48, 48 )
_sections_unfolded = [ "Offset", "Region", "Transform" ]

[node name="wall-corner-top-right" type="Sprite" parent="." index="8"]

position = Vector2( 408, 24 )
texture = ExtResource( 1 )
region_enabled = true
region_rect = Rect2( 400, 0, 48, 48 )
_sections_unfolded = [ "Offset", "Region", "Transform" ]

[node name="wall-corner-top-right2" type="Sprite" parent="." index="9"]

position = Vector2( 456, 24 )
texture = ExtResource( 1 )
region_enabled = true
region_rect = Rect2( 450, 0, 48, 48 )
_sections_unfolded = [ "Offset", "Region", "Transform" ]

[node name="wall-beat-left" type="Sprite" parent="." index="10"]

position = Vector2( 504, 24 )
texture = ExtResource( 1 )
region_enabled = true
region_rect = Rect2( 500, 0, 48, 48 )
_sections_unfolded = [ "Offset", "Region", "Transform" ]

[node name="wall-beat-right" type="Sprite" parent="." index="11"]

position = Vector2( 552, 24 )
texture = ExtResource( 1 )
region_enabled = true
region_rect = Rect2( 550, 0, 48, 48 )
_sections_unfolded = [ "Offset", "Region", "Transform" ]


