[gd_scene load_steps=8 format=2]

[ext_resource path="res://puzzles/tunnelvision/tv.gd" type="Script" id=1]
[ext_resource path="res://puzzles/tunnelvision/background-object.tres" type="ArrayMesh" id=2]
[ext_resource path="res://puzzles/tunnelvision/playfield-object.tres" type="ArrayMesh" id=3]
[ext_resource path="res://puzzles/tunnelvision/obstacle-object.tres" type="ArrayMesh" id=4]

[sub_resource type="ProceduralSky" id=1]

radiance_size = 4
sky_top_color = Color( 0, 0, 0, 1 )
sky_horizon_color = Color( 0.556863, 0.823529, 0.909804, 1 )
sky_curve = 0.840896
sky_energy = 1.0
ground_bottom_color = Color( 0, 0.0625, 0.125, 1 )
ground_horizon_color = Color( 0.482353, 0.788235, 0.952941, 1 )
ground_curve = 0.134544
ground_energy = 1.0
sun_color = Color( 0, 1, 0.765625, 1 )
sun_latitude = 35.0
sun_longitude = 20.0
sun_angle_min = 10.0
sun_angle_max = 100.0
sun_curve = 0.05
sun_energy = 16.0
texture_size = 2
_sections_unfolded = [ "Ground", "Sky", "Sun", "Texture" ]

[sub_resource type="Environment" id=2]

background_mode = 2
background_sky = SubResource( 1 )
background_sky_custom_fov = 0.0
background_color = Color( 0, 0, 0, 1 )
background_energy = 1.0
background_canvas_max_layer = 0
ambient_light_color = Color( 0.402344, 0.402344, 0.402344, 1 )
ambient_light_energy = 1.0
ambient_light_sky_contribution = 1.0
fog_enabled = false
fog_color = Color( 0.5, 0.6, 0.7, 1 )
fog_sun_color = Color( 1, 0.9, 0.7, 1 )
fog_sun_amount = 0.0
fog_depth_enabled = true
fog_depth_begin = 10.0
fog_depth_curve = 1.0
fog_transmit_enabled = false
fog_transmit_curve = 1.0
fog_height_enabled = false
fog_height_min = 0.0
fog_height_max = 100.0
fog_height_curve = 1.0
tonemap_mode = 0
tonemap_exposure = 1.0
tonemap_white = 1.0
auto_exposure_enabled = false
auto_exposure_scale = 0.4
auto_exposure_min_luma = 0.05
auto_exposure_max_luma = 8.0
auto_exposure_speed = 0.5
ss_reflections_enabled = false
ss_reflections_max_steps = 64
ss_reflections_fade_in = 0.15
ss_reflections_fade_out = 2.0
ss_reflections_depth_tolerance = 0.2
ss_reflections_roughness = true
ssao_enabled = false
ssao_radius = 1.0
ssao_intensity = 1.0
ssao_radius2 = 0.0
ssao_intensity2 = 1.0
ssao_bias = 0.01
ssao_light_affect = 0.0
ssao_color = Color( 0, 0, 0, 1 )
ssao_quality = 0
ssao_blur = 3
ssao_edge_sharpness = 4.0
dof_blur_far_enabled = false
dof_blur_far_distance = 10.0
dof_blur_far_transition = 5.0
dof_blur_far_amount = 0.1
dof_blur_far_quality = 1
dof_blur_near_enabled = false
dof_blur_near_distance = 2.0
dof_blur_near_transition = 1.0
dof_blur_near_amount = 0.1
dof_blur_near_quality = 1
glow_enabled = false
glow_levels/1 = false
glow_levels/2 = false
glow_levels/3 = true
glow_levels/4 = false
glow_levels/5 = true
glow_levels/6 = false
glow_levels/7 = false
glow_intensity = 0.8
glow_strength = 1.0
glow_bloom = 0.0
glow_blend_mode = 2
glow_hdr_threshold = 1.0
glow_hdr_scale = 2.0
glow_bicubic_upscale = false
adjustment_enabled = false
adjustment_brightness = 1.0
adjustment_contrast = 1.0
adjustment_saturation = 1.0
_sections_unfolded = [ "Ambient Light", "Background" ]

[sub_resource type="Animation" id=3]

resource_name = "MoveForward"
length = 10.0
loop = true
step = 0.1
tracks/0/type = "value"
tracks/0/path = NodePath("AnimationPlayer/MeshInstance/Spatial:translation")
tracks/0/interp = 1
tracks/0/loop_wrap = true
tracks/0/imported = false
tracks/0/enabled = true
tracks/0/keys = {
"times": PoolRealArray( 0, 5, 10 ),
"transitions": PoolRealArray( 1, 1, 1 ),
"update": 0,
"values": [ Vector3( 0, 0, 0 ), Vector3( 0, 8.19, 0 ), Vector3( 0, 16, 0 ) ]
}
tracks/1/type = "value"
tracks/1/path = NodePath("AnimationPlayer/MeshInstance/Spatial:rotation_degrees")
tracks/1/interp = 1
tracks/1/loop_wrap = true
tracks/1/imported = false
tracks/1/enabled = true
tracks/1/keys = {
"times": PoolRealArray( 0, 2, 2.5, 3, 3.5, 4, 4.5, 10 ),
"transitions": PoolRealArray( 1, 1, 1, 1, 1, 1, 1, 1 ),
"update": 0,
"values": [ Vector3( 0, 0, 0 ), Vector3( 0, 0, 0 ), Vector3( 0, 60, 0 ), Vector3( 0, 60, 0 ), Vector3( 0, 120, 0 ), Vector3( 0, 120, 0 ), Vector3( 0, 180, 0 ), Vector3( 0, 180, 0 ) ]
}

[node name="Spatial" type="Spatial" index="0"]

script = ExtResource( 1 )

[node name="Camera" type="Camera" parent="." index="0"]

keep_aspect = 1
cull_mask = 1048575
environment = null
h_offset = 0.0
v_offset = 0.0
doppler_tracking = 0
projection = 0
current = false
fov = 70.0
size = 1.0
near = 0.05
far = 100.0
_sections_unfolded = [ "Transform", "Visibility" ]

[node name="OmniLight" type="OmniLight" parent="." index="1"]

transform = Transform( 1, 0, 0, 0, 1, 0, 0, 0, 1, 0, 6.4844, 0 )
layers = 1
light_color = Color( 0.663708, 0.667969, 0.122635, 1 )
light_energy = 16.0
light_indirect_energy = 16.0
light_negative = false
light_specular = 0.5
light_bake_mode = 2
light_cull_mask = -1
shadow_enabled = true
shadow_color = Color( 1, 1, 1, 1 )
shadow_bias = 0.15
shadow_contact = 0.0
shadow_reverse_cull_face = false
editor_only = false
omni_range = 2003.0
omni_attenuation = 0.0126915
omni_shadow_mode = 1
omni_shadow_detail = 1
_sections_unfolded = [ "Editor", "Light", "Omni", "Shadow", "Transform", "Visibility" ]

[node name="MeshInstance2" type="MeshInstance" parent="." index="2"]

transform = Transform( 2, 0, 0, 0, 1, 0, 0, 0, 2, 0, 0, 0 )
layers = 1
material_override = null
cast_shadow = 1
extra_cull_margin = 0.0
use_in_baked_light = false
lod_min_distance = 0.0
lod_min_hysteresis = 0.0
lod_max_distance = 0.0
lod_max_hysteresis = 0.0
mesh = ExtResource( 2 )
skeleton = NodePath("..")
material/0 = null
_sections_unfolded = [ "Transform" ]

[node name="SpotLight" type="SpotLight" parent="." index="3"]

layers = 1
light_color = Color( 1, 1, 1, 1 )
light_energy = 16.0
light_indirect_energy = 1.0
light_negative = false
light_specular = 1.0
light_bake_mode = 1
light_cull_mask = -1
shadow_enabled = false
shadow_color = Color( 0, 0, 0, 1 )
shadow_bias = 0.15
shadow_contact = 0.0
shadow_reverse_cull_face = false
editor_only = false
spot_range = 20.0
spot_attenuation = 1.0
spot_angle = 45.0
spot_angle_attenuation = 1.0
_sections_unfolded = [ "Light", "Spot", "Transform" ]

[node name="WorldEnvironment" type="WorldEnvironment" parent="." index="4"]

environment = SubResource( 2 )

[node name="AnimationPlayer" type="AnimationPlayer" parent="." index="5"]

root_node = NodePath("..")
autoplay = ""
playback_process_mode = 1
playback_default_blend_time = 0.0
playback_speed = 2.0
anims/MoveForward = SubResource( 3 )
blend_times = [  ]
_sections_unfolded = [ "Playback Options" ]

[node name="MeshInstance" type="MeshInstance" parent="AnimationPlayer" index="0"]

transform = Transform( 1, 0, 0, 0, -1.62921e-07, -1, 0, 1, -1.62921e-07, 0, 0, -5.6 )
layers = 1
material_override = null
cast_shadow = 1
extra_cull_margin = 0.0
use_in_baked_light = true
lod_min_distance = 0.0
lod_min_hysteresis = 0.0
lod_max_distance = 0.0
lod_max_hysteresis = 0.0
mesh = ExtResource( 3 )
skeleton = NodePath("..")
material/0 = null
_sections_unfolded = [ "Geometry", "LOD", "Transform", "Visibility", "material" ]

[node name="Spatial" type="Spatial" parent="AnimationPlayer/MeshInstance" index="0"]

transform = Transform( 1, 0, 0, 0, 1, 0, 0, 0, 1, 0, 1.638, 0 )
_sections_unfolded = [ "Transform" ]

[node name="EnemyObstacle3" type="MeshInstance" parent="AnimationPlayer/MeshInstance/Spatial" index="0"]

transform = Transform( 0.5, 0, -0.866026, 0, 1, 0, 0.866026, 0, 0.5, 0, -3, 0 )
layers = 1
material_override = null
cast_shadow = 1
extra_cull_margin = 0.0
use_in_baked_light = false
lod_min_distance = 0.0
lod_min_hysteresis = 0.0
lod_max_distance = 0.0
lod_max_hysteresis = 0.0
mesh = ExtResource( 4 )
skeleton = NodePath("..")
material/0 = null
_sections_unfolded = [ "Transform" ]

[node name="EnemyObstacle" type="MeshInstance" parent="AnimationPlayer/MeshInstance/Spatial" index="1"]

layers = 1
material_override = null
cast_shadow = 1
extra_cull_margin = 0.0
use_in_baked_light = false
lod_min_distance = 0.0
lod_min_hysteresis = 0.0
lod_max_distance = 0.0
lod_max_hysteresis = 0.0
mesh = ExtResource( 4 )
skeleton = NodePath("..")
material/0 = null
_sections_unfolded = [ "Transform" ]

[node name="EnemyObstacle2" type="MeshInstance" parent="AnimationPlayer/MeshInstance/Spatial" index="2"]

transform = Transform( 0.5, 0, 0.866026, 0, 1, 0, -0.866026, 0, 0.5, 0, 3, 0 )
layers = 1
material_override = null
cast_shadow = 1
extra_cull_margin = 0.0
use_in_baked_light = false
lod_min_distance = 0.0
lod_min_hysteresis = 0.0
lod_max_distance = 0.0
lod_max_hysteresis = 0.0
mesh = ExtResource( 4 )
skeleton = NodePath("..")
material/0 = null
_sections_unfolded = [ "Transform" ]


