[gd_scene load_steps=16 format=2]

[ext_resource path="res://puzzles/Relentless-tutorial/Relentless-tutorial.gd" type="Script" id=1]
[ext_resource path="res://theme resources/background-teal.png" type="Texture" id=2]
[ext_resource path="res://puzzles/Relentless/current_tile.svg" type="Texture" id=3]
[ext_resource path="res://puzzles/Relentless/pressed_tile.svg" type="Texture" id=4]
[ext_resource path="res://puzzles/Relentless/unexplored_tile.svg" type="Texture" id=5]
[ext_resource path="res://puzzles/Relentless/potential_tile.svg" type="Texture" id=6]
[ext_resource path="res://puzzles/Stump/Stump-Tilefont.tres" type="DynamicFont" id=7]
[ext_resource path="res://puzzles/Sudoku/bitter-res.tres" type="DynamicFont" id=8]
[ext_resource path="res://theme resources/dash_theme.tres" type="Theme" id=9]
[ext_resource path="res://bgm/SomeThing Else-01.ogg" type="AudioStream" id=10]
[ext_resource path="res://assets/SFX/PuzzleFailed.ogg" type="AudioStream" id=11]
[ext_resource path="res://assets/SFX/Pop!.ogg" type="AudioStream" id=12]
[ext_resource path="res://assets/SFX/PuzzleSolved.ogg" type="AudioStream" id=13]
[ext_resource path="res://assets/SFX/PuzzleStart.ogg" type="AudioStream" id=14]
[ext_resource path="res://theme resources/tutorializer_font.tres" type="DynamicFont" id=15]

[node name="Relentless" type="CanvasLayer"]

layer = 20
offset = Vector2( 0, 0 )
rotation = 0.0
scale = Vector2( 1, 1 )
transform = Transform2D( 1, 0, 0, 1, 0, 0 )
script = ExtResource( 1 )

[node name="Background" type="Sprite" parent="." index="0"]

scale = Vector2( 0.25, 0.25 )
texture = ExtResource( 2 )
centered = false
_sections_unfolded = [ "Offset", "Transform" ]

[node name="Tile1" type="TextureButton" parent="." index="1"]

anchor_left = 0.0
anchor_top = 0.0
anchor_right = 0.0
anchor_bottom = 0.0
margin_left = 236.0
margin_top = 138.0
margin_right = 284.0
margin_bottom = 186.0
rect_scale = Vector2( 2, 2 )
rect_pivot_offset = Vector2( 0, 0 )
rect_clip_content = false
focus_mode = 2
mouse_filter = 0
mouse_default_cursor_shape = 0
size_flags_horizontal = 1
size_flags_vertical = 1
toggle_mode = false
enabled_focus_mode = 2
shortcut = null
group = null
texture_normal = ExtResource( 3 )
texture_pressed = ExtResource( 4 )
texture_disabled = ExtResource( 5 )
_sections_unfolded = [ "Rect", "Textures" ]

[node name="Tile2" type="TextureButton" parent="." index="2"]

anchor_left = 0.0
anchor_top = 0.0
anchor_right = 0.0
anchor_bottom = 0.0
margin_left = 336.0
margin_top = 138.0
margin_right = 384.0
margin_bottom = 186.0
rect_scale = Vector2( 2, 2 )
rect_pivot_offset = Vector2( 0, 0 )
rect_clip_content = false
focus_mode = 2
mouse_filter = 0
mouse_default_cursor_shape = 0
size_flags_horizontal = 1
size_flags_vertical = 1
toggle_mode = false
enabled_focus_mode = 2
shortcut = null
group = null
texture_normal = ExtResource( 6 )
texture_pressed = ExtResource( 4 )
texture_disabled = ExtResource( 5 )
_sections_unfolded = [ "Rect", "Textures" ]

[node name="Tile3" type="TextureButton" parent="." index="3"]

anchor_left = 0.0
anchor_top = 0.0
anchor_right = 0.0
anchor_bottom = 0.0
margin_left = 436.0
margin_top = 138.0
margin_right = 484.0
margin_bottom = 186.0
rect_scale = Vector2( 2, 2 )
rect_pivot_offset = Vector2( 0, 0 )
rect_clip_content = false
focus_mode = 2
mouse_filter = 0
mouse_default_cursor_shape = 0
size_flags_horizontal = 1
size_flags_vertical = 1
disabled = true
toggle_mode = false
enabled_focus_mode = 2
shortcut = null
group = null
texture_normal = ExtResource( 6 )
texture_pressed = ExtResource( 4 )
texture_disabled = ExtResource( 5 )
_sections_unfolded = [ "Rect", "Textures" ]

[node name="Tile4" type="TextureButton" parent="." index="4"]

anchor_left = 0.0
anchor_top = 0.0
anchor_right = 0.0
anchor_bottom = 0.0
margin_left = 536.0
margin_top = 138.0
margin_right = 584.0
margin_bottom = 186.0
rect_scale = Vector2( 2, 2 )
rect_pivot_offset = Vector2( 0, 0 )
rect_clip_content = false
focus_mode = 2
mouse_filter = 0
mouse_default_cursor_shape = 0
size_flags_horizontal = 1
size_flags_vertical = 1
disabled = true
toggle_mode = false
enabled_focus_mode = 2
shortcut = null
group = null
texture_normal = ExtResource( 6 )
texture_pressed = ExtResource( 4 )
texture_disabled = ExtResource( 5 )
_sections_unfolded = [ "Rect", "Textures" ]

[node name="Tile5" type="TextureButton" parent="." index="5"]

anchor_left = 0.0
anchor_top = 0.0
anchor_right = 0.0
anchor_bottom = 0.0
margin_left = 636.0
margin_top = 138.0
margin_right = 684.0
margin_bottom = 186.0
rect_scale = Vector2( 2, 2 )
rect_pivot_offset = Vector2( 0, 0 )
rect_clip_content = false
focus_mode = 2
mouse_filter = 0
mouse_default_cursor_shape = 0
size_flags_horizontal = 1
size_flags_vertical = 1
disabled = true
toggle_mode = false
enabled_focus_mode = 2
shortcut = null
group = null
texture_normal = ExtResource( 6 )
texture_pressed = ExtResource( 4 )
texture_disabled = ExtResource( 5 )
_sections_unfolded = [ "Rect", "Textures" ]

[node name="Tile6" type="TextureButton" parent="." index="6"]

anchor_left = 0.0
anchor_top = 0.0
anchor_right = 0.0
anchor_bottom = 0.0
margin_left = 736.0
margin_top = 138.0
margin_right = 784.0
margin_bottom = 186.0
rect_scale = Vector2( 2, 2 )
rect_pivot_offset = Vector2( 0, 0 )
rect_clip_content = false
focus_mode = 2
mouse_filter = 0
mouse_default_cursor_shape = 0
size_flags_horizontal = 1
size_flags_vertical = 1
disabled = true
toggle_mode = false
enabled_focus_mode = 2
shortcut = null
group = null
texture_normal = ExtResource( 6 )
texture_pressed = ExtResource( 4 )
texture_disabled = ExtResource( 5 )
_sections_unfolded = [ "Rect", "Textures" ]

[node name="Tile7" type="TextureButton" parent="." index="7"]

anchor_left = 0.0
anchor_top = 0.0
anchor_right = 0.0
anchor_bottom = 0.0
margin_left = 836.0
margin_top = 138.0
margin_right = 884.0
margin_bottom = 186.0
rect_scale = Vector2( 2, 2 )
rect_pivot_offset = Vector2( 0, 0 )
rect_clip_content = false
focus_mode = 2
mouse_filter = 0
mouse_default_cursor_shape = 0
size_flags_horizontal = 1
size_flags_vertical = 1
disabled = true
toggle_mode = false
enabled_focus_mode = 2
shortcut = null
group = null
texture_normal = ExtResource( 6 )
texture_pressed = ExtResource( 4 )
texture_disabled = ExtResource( 5 )
_sections_unfolded = [ "Rect", "Textures" ]

[node name="Tile8" type="TextureButton" parent="." index="8"]

anchor_left = 0.0
anchor_top = 0.0
anchor_right = 0.0
anchor_bottom = 0.0
margin_left = 936.0
margin_top = 138.0
margin_right = 984.0
margin_bottom = 186.0
rect_scale = Vector2( 2, 2 )
rect_pivot_offset = Vector2( 0, 0 )
rect_clip_content = false
focus_mode = 2
mouse_filter = 0
mouse_default_cursor_shape = 0
size_flags_horizontal = 1
size_flags_vertical = 1
disabled = true
toggle_mode = false
enabled_focus_mode = 2
shortcut = null
group = null
texture_normal = ExtResource( 6 )
texture_pressed = ExtResource( 4 )
texture_disabled = ExtResource( 5 )
_sections_unfolded = [ "Rect", "Textures" ]

[node name="Tile9" type="TextureButton" parent="." index="9"]

anchor_left = 0.0
anchor_top = 0.0
anchor_right = 0.0
anchor_bottom = 0.0
margin_left = 1036.0
margin_top = 138.0
margin_right = 1084.0
margin_bottom = 186.0
rect_scale = Vector2( 2, 2 )
rect_pivot_offset = Vector2( 0, 0 )
rect_clip_content = false
focus_mode = 2
mouse_filter = 0
mouse_default_cursor_shape = 0
size_flags_horizontal = 1
size_flags_vertical = 1
disabled = true
toggle_mode = false
enabled_focus_mode = 2
shortcut = null
group = null
texture_normal = ExtResource( 6 )
texture_pressed = ExtResource( 4 )
texture_disabled = ExtResource( 5 )
_sections_unfolded = [ "Rect", "Textures" ]

[node name="Tile10" type="TextureButton" parent="." index="10"]

anchor_left = 0.0
anchor_top = 0.0
anchor_right = 0.0
anchor_bottom = 0.0
margin_left = 236.0
margin_top = 238.0
margin_right = 284.0
margin_bottom = 286.0
rect_scale = Vector2( 2, 2 )
rect_pivot_offset = Vector2( 0, 0 )
rect_clip_content = false
focus_mode = 2
mouse_filter = 0
mouse_default_cursor_shape = 0
size_flags_horizontal = 1
size_flags_vertical = 1
toggle_mode = false
enabled_focus_mode = 2
shortcut = null
group = null
texture_normal = ExtResource( 6 )
texture_pressed = ExtResource( 4 )
texture_disabled = ExtResource( 5 )
_sections_unfolded = [ "Rect", "Textures" ]

[node name="Tile11" type="TextureButton" parent="." index="11"]

anchor_left = 0.0
anchor_top = 0.0
anchor_right = 0.0
anchor_bottom = 0.0
margin_left = 336.0
margin_top = 238.0
margin_right = 384.0
margin_bottom = 286.0
rect_scale = Vector2( 2, 2 )
rect_pivot_offset = Vector2( 0, 0 )
rect_clip_content = false
focus_mode = 2
mouse_filter = 0
mouse_default_cursor_shape = 0
size_flags_horizontal = 1
size_flags_vertical = 1
toggle_mode = false
enabled_focus_mode = 2
shortcut = null
group = null
texture_normal = ExtResource( 6 )
texture_pressed = ExtResource( 4 )
texture_disabled = ExtResource( 5 )
_sections_unfolded = [ "Rect", "Textures" ]

[node name="Tile12" type="TextureButton" parent="." index="12"]

anchor_left = 0.0
anchor_top = 0.0
anchor_right = 0.0
anchor_bottom = 0.0
margin_left = 436.0
margin_top = 238.0
margin_right = 484.0
margin_bottom = 286.0
rect_scale = Vector2( 2, 2 )
rect_pivot_offset = Vector2( 0, 0 )
rect_clip_content = false
focus_mode = 2
mouse_filter = 0
mouse_default_cursor_shape = 0
size_flags_horizontal = 1
size_flags_vertical = 1
disabled = true
toggle_mode = false
enabled_focus_mode = 2
shortcut = null
group = null
texture_normal = ExtResource( 6 )
texture_pressed = ExtResource( 4 )
texture_disabled = ExtResource( 5 )
_sections_unfolded = [ "Rect", "Textures" ]

[node name="Tile13" type="TextureButton" parent="." index="13"]

anchor_left = 0.0
anchor_top = 0.0
anchor_right = 0.0
anchor_bottom = 0.0
margin_left = 536.0
margin_top = 238.0
margin_right = 584.0
margin_bottom = 286.0
rect_scale = Vector2( 2, 2 )
rect_pivot_offset = Vector2( 0, 0 )
rect_clip_content = false
focus_mode = 2
mouse_filter = 0
mouse_default_cursor_shape = 0
size_flags_horizontal = 1
size_flags_vertical = 1
disabled = true
toggle_mode = false
enabled_focus_mode = 2
shortcut = null
group = null
texture_normal = ExtResource( 6 )
texture_pressed = ExtResource( 4 )
texture_disabled = ExtResource( 5 )
_sections_unfolded = [ "Rect", "Textures" ]

[node name="Tile14" type="TextureButton" parent="." index="14"]

anchor_left = 0.0
anchor_top = 0.0
anchor_right = 0.0
anchor_bottom = 0.0
margin_left = 636.0
margin_top = 238.0
margin_right = 684.0
margin_bottom = 286.0
rect_scale = Vector2( 2, 2 )
rect_pivot_offset = Vector2( 0, 0 )
rect_clip_content = false
focus_mode = 2
mouse_filter = 0
mouse_default_cursor_shape = 0
size_flags_horizontal = 1
size_flags_vertical = 1
disabled = true
toggle_mode = false
enabled_focus_mode = 2
shortcut = null
group = null
texture_normal = ExtResource( 6 )
texture_pressed = ExtResource( 4 )
texture_disabled = ExtResource( 5 )
_sections_unfolded = [ "Rect", "Textures" ]

[node name="Tile15" type="TextureButton" parent="." index="15"]

anchor_left = 0.0
anchor_top = 0.0
anchor_right = 0.0
anchor_bottom = 0.0
margin_left = 736.0
margin_top = 238.0
margin_right = 784.0
margin_bottom = 286.0
rect_scale = Vector2( 2, 2 )
rect_pivot_offset = Vector2( 0, 0 )
rect_clip_content = false
focus_mode = 2
mouse_filter = 0
mouse_default_cursor_shape = 0
size_flags_horizontal = 1
size_flags_vertical = 1
disabled = true
toggle_mode = false
enabled_focus_mode = 2
shortcut = null
group = null
texture_normal = ExtResource( 6 )
texture_pressed = ExtResource( 4 )
texture_disabled = ExtResource( 5 )
_sections_unfolded = [ "Rect", "Textures" ]

[node name="Tile16" type="TextureButton" parent="." index="16"]

anchor_left = 0.0
anchor_top = 0.0
anchor_right = 0.0
anchor_bottom = 0.0
margin_left = 836.0
margin_top = 238.0
margin_right = 884.0
margin_bottom = 286.0
rect_scale = Vector2( 2, 2 )
rect_pivot_offset = Vector2( 0, 0 )
rect_clip_content = false
focus_mode = 2
mouse_filter = 0
mouse_default_cursor_shape = 0
size_flags_horizontal = 1
size_flags_vertical = 1
disabled = true
toggle_mode = false
enabled_focus_mode = 2
shortcut = null
group = null
texture_normal = ExtResource( 6 )
texture_pressed = ExtResource( 4 )
texture_disabled = ExtResource( 5 )
_sections_unfolded = [ "Rect", "Textures" ]

[node name="Tile17" type="TextureButton" parent="." index="17"]

anchor_left = 0.0
anchor_top = 0.0
anchor_right = 0.0
anchor_bottom = 0.0
margin_left = 936.0
margin_top = 238.0
margin_right = 984.0
margin_bottom = 286.0
rect_scale = Vector2( 2, 2 )
rect_pivot_offset = Vector2( 0, 0 )
rect_clip_content = false
focus_mode = 2
mouse_filter = 0
mouse_default_cursor_shape = 0
size_flags_horizontal = 1
size_flags_vertical = 1
disabled = true
toggle_mode = false
enabled_focus_mode = 2
shortcut = null
group = null
texture_normal = ExtResource( 6 )
texture_pressed = ExtResource( 4 )
texture_disabled = ExtResource( 5 )
_sections_unfolded = [ "Rect", "Textures" ]

[node name="Tile18" type="TextureButton" parent="." index="18"]

anchor_left = 0.0
anchor_top = 0.0
anchor_right = 0.0
anchor_bottom = 0.0
margin_left = 1036.0
margin_top = 238.0
margin_right = 1084.0
margin_bottom = 286.0
rect_scale = Vector2( 2, 2 )
rect_pivot_offset = Vector2( 0, 0 )
rect_clip_content = false
focus_mode = 2
mouse_filter = 0
mouse_default_cursor_shape = 0
size_flags_horizontal = 1
size_flags_vertical = 1
disabled = true
toggle_mode = false
enabled_focus_mode = 2
shortcut = null
group = null
texture_normal = ExtResource( 6 )
texture_pressed = ExtResource( 4 )
texture_disabled = ExtResource( 5 )
_sections_unfolded = [ "Rect", "Textures" ]

[node name="Tile19" type="TextureButton" parent="." index="19"]

anchor_left = 0.0
anchor_top = 0.0
anchor_right = 0.0
anchor_bottom = 0.0
margin_left = 236.0
margin_top = 338.0
margin_right = 284.0
margin_bottom = 386.0
rect_scale = Vector2( 2, 2 )
rect_pivot_offset = Vector2( 0, 0 )
rect_clip_content = false
focus_mode = 2
mouse_filter = 0
mouse_default_cursor_shape = 0
size_flags_horizontal = 1
size_flags_vertical = 1
disabled = true
toggle_mode = false
enabled_focus_mode = 2
shortcut = null
group = null
texture_normal = ExtResource( 6 )
texture_pressed = ExtResource( 4 )
texture_disabled = ExtResource( 5 )
_sections_unfolded = [ "Rect", "Textures" ]

[node name="Tile20" type="TextureButton" parent="." index="20"]

anchor_left = 0.0
anchor_top = 0.0
anchor_right = 0.0
anchor_bottom = 0.0
margin_left = 336.0
margin_top = 338.0
margin_right = 384.0
margin_bottom = 386.0
rect_scale = Vector2( 2, 2 )
rect_pivot_offset = Vector2( 0, 0 )
rect_clip_content = false
focus_mode = 2
mouse_filter = 0
mouse_default_cursor_shape = 0
size_flags_horizontal = 1
size_flags_vertical = 1
disabled = true
toggle_mode = false
enabled_focus_mode = 2
shortcut = null
group = null
texture_normal = ExtResource( 6 )
texture_pressed = ExtResource( 4 )
texture_disabled = ExtResource( 5 )
_sections_unfolded = [ "Rect", "Textures" ]

[node name="Tile21" type="TextureButton" parent="." index="21"]

anchor_left = 0.0
anchor_top = 0.0
anchor_right = 0.0
anchor_bottom = 0.0
margin_left = 436.0
margin_top = 338.0
margin_right = 484.0
margin_bottom = 386.0
rect_scale = Vector2( 2, 2 )
rect_pivot_offset = Vector2( 0, 0 )
rect_clip_content = false
focus_mode = 2
mouse_filter = 0
mouse_default_cursor_shape = 0
size_flags_horizontal = 1
size_flags_vertical = 1
disabled = true
toggle_mode = false
enabled_focus_mode = 2
shortcut = null
group = null
texture_normal = ExtResource( 6 )
texture_pressed = ExtResource( 4 )
texture_disabled = ExtResource( 5 )
_sections_unfolded = [ "Rect", "Textures" ]

[node name="Tile22" type="TextureButton" parent="." index="22"]

anchor_left = 0.0
anchor_top = 0.0
anchor_right = 0.0
anchor_bottom = 0.0
margin_left = 536.0
margin_top = 338.0
margin_right = 584.0
margin_bottom = 386.0
rect_scale = Vector2( 2, 2 )
rect_pivot_offset = Vector2( 0, 0 )
rect_clip_content = false
focus_mode = 2
mouse_filter = 0
mouse_default_cursor_shape = 0
size_flags_horizontal = 1
size_flags_vertical = 1
disabled = true
toggle_mode = false
enabled_focus_mode = 2
shortcut = null
group = null
texture_normal = ExtResource( 6 )
texture_pressed = ExtResource( 4 )
texture_disabled = ExtResource( 5 )
_sections_unfolded = [ "Rect", "Textures" ]

[node name="Tile23" type="TextureButton" parent="." index="23"]

anchor_left = 0.0
anchor_top = 0.0
anchor_right = 0.0
anchor_bottom = 0.0
margin_left = 636.0
margin_top = 338.0
margin_right = 684.0
margin_bottom = 386.0
rect_scale = Vector2( 2, 2 )
rect_pivot_offset = Vector2( 0, 0 )
rect_clip_content = false
focus_mode = 2
mouse_filter = 0
mouse_default_cursor_shape = 0
size_flags_horizontal = 1
size_flags_vertical = 1
disabled = true
toggle_mode = false
enabled_focus_mode = 2
shortcut = null
group = null
texture_normal = ExtResource( 6 )
texture_pressed = ExtResource( 4 )
texture_disabled = ExtResource( 5 )
_sections_unfolded = [ "Rect", "Textures" ]

[node name="Tile24" type="TextureButton" parent="." index="24"]

anchor_left = 0.0
anchor_top = 0.0
anchor_right = 0.0
anchor_bottom = 0.0
margin_left = 736.0
margin_top = 338.0
margin_right = 784.0
margin_bottom = 386.0
rect_scale = Vector2( 2, 2 )
rect_pivot_offset = Vector2( 0, 0 )
rect_clip_content = false
focus_mode = 2
mouse_filter = 0
mouse_default_cursor_shape = 0
size_flags_horizontal = 1
size_flags_vertical = 1
disabled = true
toggle_mode = false
enabled_focus_mode = 2
shortcut = null
group = null
texture_normal = ExtResource( 6 )
texture_pressed = ExtResource( 4 )
texture_disabled = ExtResource( 5 )
_sections_unfolded = [ "Rect", "Textures" ]

[node name="Tile25" type="TextureButton" parent="." index="25"]

anchor_left = 0.0
anchor_top = 0.0
anchor_right = 0.0
anchor_bottom = 0.0
margin_left = 836.0
margin_top = 338.0
margin_right = 884.0
margin_bottom = 386.0
rect_scale = Vector2( 2, 2 )
rect_pivot_offset = Vector2( 0, 0 )
rect_clip_content = false
focus_mode = 2
mouse_filter = 0
mouse_default_cursor_shape = 0
size_flags_horizontal = 1
size_flags_vertical = 1
disabled = true
toggle_mode = false
enabled_focus_mode = 2
shortcut = null
group = null
texture_normal = ExtResource( 6 )
texture_pressed = ExtResource( 4 )
texture_disabled = ExtResource( 5 )
_sections_unfolded = [ "Rect", "Textures" ]

[node name="Tile26" type="TextureButton" parent="." index="26"]

anchor_left = 0.0
anchor_top = 0.0
anchor_right = 0.0
anchor_bottom = 0.0
margin_left = 936.0
margin_top = 338.0
margin_right = 984.0
margin_bottom = 386.0
rect_scale = Vector2( 2, 2 )
rect_pivot_offset = Vector2( 0, 0 )
rect_clip_content = false
focus_mode = 2
mouse_filter = 0
mouse_default_cursor_shape = 0
size_flags_horizontal = 1
size_flags_vertical = 1
disabled = true
toggle_mode = false
enabled_focus_mode = 2
shortcut = null
group = null
texture_normal = ExtResource( 6 )
texture_pressed = ExtResource( 4 )
texture_disabled = ExtResource( 5 )
_sections_unfolded = [ "Rect", "Textures" ]

[node name="Tile27" type="TextureButton" parent="." index="27"]

anchor_left = 0.0
anchor_top = 0.0
anchor_right = 0.0
anchor_bottom = 0.0
margin_left = 1036.0
margin_top = 338.0
margin_right = 1084.0
margin_bottom = 386.0
rect_scale = Vector2( 2, 2 )
rect_pivot_offset = Vector2( 0, 0 )
rect_clip_content = false
focus_mode = 2
mouse_filter = 0
mouse_default_cursor_shape = 0
size_flags_horizontal = 1
size_flags_vertical = 1
disabled = true
toggle_mode = false
enabled_focus_mode = 2
shortcut = null
group = null
texture_normal = ExtResource( 6 )
texture_pressed = ExtResource( 4 )
texture_disabled = ExtResource( 5 )
_sections_unfolded = [ "Rect", "Textures" ]

[node name="Tile28" type="TextureButton" parent="." index="28"]

anchor_left = 0.0
anchor_top = 0.0
anchor_right = 0.0
anchor_bottom = 0.0
margin_left = 236.0
margin_top = 438.0
margin_right = 284.0
margin_bottom = 486.0
rect_scale = Vector2( 2, 2 )
rect_pivot_offset = Vector2( 0, 0 )
rect_clip_content = false
focus_mode = 2
mouse_filter = 0
mouse_default_cursor_shape = 0
size_flags_horizontal = 1
size_flags_vertical = 1
disabled = true
toggle_mode = false
enabled_focus_mode = 2
shortcut = null
group = null
texture_normal = ExtResource( 6 )
texture_pressed = ExtResource( 4 )
texture_disabled = ExtResource( 5 )
_sections_unfolded = [ "Rect", "Textures" ]

[node name="Tile29" type="TextureButton" parent="." index="29"]

anchor_left = 0.0
anchor_top = 0.0
anchor_right = 0.0
anchor_bottom = 0.0
margin_left = 336.0
margin_top = 438.0
margin_right = 384.0
margin_bottom = 486.0
rect_scale = Vector2( 2, 2 )
rect_pivot_offset = Vector2( 0, 0 )
rect_clip_content = false
focus_mode = 2
mouse_filter = 0
mouse_default_cursor_shape = 0
size_flags_horizontal = 1
size_flags_vertical = 1
disabled = true
toggle_mode = false
enabled_focus_mode = 2
shortcut = null
group = null
texture_normal = ExtResource( 6 )
texture_pressed = ExtResource( 4 )
texture_disabled = ExtResource( 5 )
_sections_unfolded = [ "Rect", "Textures" ]

[node name="Tile30" type="TextureButton" parent="." index="30"]

anchor_left = 0.0
anchor_top = 0.0
anchor_right = 0.0
anchor_bottom = 0.0
margin_left = 436.0
margin_top = 438.0
margin_right = 484.0
margin_bottom = 486.0
rect_scale = Vector2( 2, 2 )
rect_pivot_offset = Vector2( 0, 0 )
rect_clip_content = false
focus_mode = 2
mouse_filter = 0
mouse_default_cursor_shape = 0
size_flags_horizontal = 1
size_flags_vertical = 1
disabled = true
toggle_mode = false
enabled_focus_mode = 2
shortcut = null
group = null
texture_normal = ExtResource( 6 )
texture_pressed = ExtResource( 4 )
texture_disabled = ExtResource( 5 )
_sections_unfolded = [ "Rect", "Textures" ]

[node name="Tile31" type="TextureButton" parent="." index="31"]

anchor_left = 0.0
anchor_top = 0.0
anchor_right = 0.0
anchor_bottom = 0.0
margin_left = 536.0
margin_top = 438.0
margin_right = 584.0
margin_bottom = 486.0
rect_scale = Vector2( 2, 2 )
rect_pivot_offset = Vector2( 0, 0 )
rect_clip_content = false
focus_mode = 2
mouse_filter = 0
mouse_default_cursor_shape = 0
size_flags_horizontal = 1
size_flags_vertical = 1
disabled = true
toggle_mode = false
enabled_focus_mode = 2
shortcut = null
group = null
texture_normal = ExtResource( 6 )
texture_pressed = ExtResource( 4 )
texture_disabled = ExtResource( 5 )
_sections_unfolded = [ "Rect", "Textures" ]

[node name="Tile32" type="TextureButton" parent="." index="32"]

anchor_left = 0.0
anchor_top = 0.0
anchor_right = 0.0
anchor_bottom = 0.0
margin_left = 636.0
margin_top = 438.0
margin_right = 684.0
margin_bottom = 486.0
rect_scale = Vector2( 2, 2 )
rect_pivot_offset = Vector2( 0, 0 )
rect_clip_content = false
focus_mode = 2
mouse_filter = 0
mouse_default_cursor_shape = 0
size_flags_horizontal = 1
size_flags_vertical = 1
disabled = true
toggle_mode = false
enabled_focus_mode = 2
shortcut = null
group = null
texture_normal = ExtResource( 6 )
texture_pressed = ExtResource( 4 )
texture_disabled = ExtResource( 5 )
_sections_unfolded = [ "Rect", "Textures" ]

[node name="Tile33" type="TextureButton" parent="." index="33"]

anchor_left = 0.0
anchor_top = 0.0
anchor_right = 0.0
anchor_bottom = 0.0
margin_left = 736.0
margin_top = 438.0
margin_right = 784.0
margin_bottom = 486.0
rect_scale = Vector2( 2, 2 )
rect_pivot_offset = Vector2( 0, 0 )
rect_clip_content = false
focus_mode = 2
mouse_filter = 0
mouse_default_cursor_shape = 0
size_flags_horizontal = 1
size_flags_vertical = 1
disabled = true
toggle_mode = false
enabled_focus_mode = 2
shortcut = null
group = null
texture_normal = ExtResource( 6 )
texture_pressed = ExtResource( 4 )
texture_disabled = ExtResource( 5 )
_sections_unfolded = [ "Rect", "Textures" ]

[node name="Tile34" type="TextureButton" parent="." index="34"]

anchor_left = 0.0
anchor_top = 0.0
anchor_right = 0.0
anchor_bottom = 0.0
margin_left = 836.0
margin_top = 438.0
margin_right = 884.0
margin_bottom = 486.0
rect_scale = Vector2( 2, 2 )
rect_pivot_offset = Vector2( 0, 0 )
rect_clip_content = false
focus_mode = 2
mouse_filter = 0
mouse_default_cursor_shape = 0
size_flags_horizontal = 1
size_flags_vertical = 1
disabled = true
toggle_mode = false
enabled_focus_mode = 2
shortcut = null
group = null
texture_normal = ExtResource( 6 )
texture_pressed = ExtResource( 4 )
texture_disabled = ExtResource( 5 )
_sections_unfolded = [ "Rect", "Textures" ]

[node name="Tile35" type="TextureButton" parent="." index="35"]

anchor_left = 0.0
anchor_top = 0.0
anchor_right = 0.0
anchor_bottom = 0.0
margin_left = 936.0
margin_top = 438.0
margin_right = 984.0
margin_bottom = 486.0
rect_scale = Vector2( 2, 2 )
rect_pivot_offset = Vector2( 0, 0 )
rect_clip_content = false
focus_mode = 2
mouse_filter = 0
mouse_default_cursor_shape = 0
size_flags_horizontal = 1
size_flags_vertical = 1
disabled = true
toggle_mode = false
enabled_focus_mode = 2
shortcut = null
group = null
texture_normal = ExtResource( 6 )
texture_pressed = ExtResource( 4 )
texture_disabled = ExtResource( 5 )
_sections_unfolded = [ "Rect", "Textures" ]

[node name="Tile36" type="TextureButton" parent="." index="36"]

anchor_left = 0.0
anchor_top = 0.0
anchor_right = 0.0
anchor_bottom = 0.0
margin_left = 1036.0
margin_top = 438.0
margin_right = 1084.0
margin_bottom = 486.0
rect_scale = Vector2( 2, 2 )
rect_pivot_offset = Vector2( 0, 0 )
rect_clip_content = false
focus_mode = 2
mouse_filter = 0
mouse_default_cursor_shape = 0
size_flags_horizontal = 1
size_flags_vertical = 1
disabled = true
toggle_mode = false
enabled_focus_mode = 2
shortcut = null
group = null
texture_normal = ExtResource( 6 )
texture_pressed = ExtResource( 4 )
texture_disabled = ExtResource( 5 )
_sections_unfolded = [ "Rect", "Textures" ]

[node name="Obstacles" type="Label" parent="." index="37"]

anchor_left = 0.0
anchor_top = 0.0
anchor_right = 0.0
anchor_bottom = 0.0
margin_left = 236.0
margin_top = 538.0
margin_right = 421.0
margin_bottom = 794.0
rect_scale = Vector2( 0.5, 0.5 )
rect_pivot_offset = Vector2( 0, 0 )
rect_clip_content = false
mouse_filter = 2
mouse_default_cursor_shape = 0
size_flags_horizontal = 1
size_flags_vertical = 4
custom_fonts/font = ExtResource( 7 )
text = "0"
percent_visible = 1.0
lines_skipped = 0
max_lines_visible = -1
_sections_unfolded = [ "Rect", "custom_fonts" ]

[node name="ObstaclesLabel" type="Label" parent="Obstacles" index="0"]

anchor_left = 0.0
anchor_top = 0.0
anchor_right = 0.0
anchor_bottom = 0.0
margin_right = 1157.0
margin_bottom = 116.0
rect_scale = Vector2( 0.5, 0.5 )
rect_pivot_offset = Vector2( 0, 0 )
rect_clip_content = false
mouse_filter = 2
mouse_default_cursor_shape = 0
size_flags_horizontal = 1
size_flags_vertical = 4
custom_fonts/font = ExtResource( 8 )
text = "Surrounding Obstacles"
percent_visible = 1.0
lines_skipped = 0
max_lines_visible = -1
_sections_unfolded = [ "Rect", "custom_fonts" ]

[node name="Score" type="Label" parent="." index="38"]

anchor_left = 0.0
anchor_top = 0.0
anchor_right = 0.0
anchor_bottom = 0.0
margin_left = 636.0
margin_top = 538.0
margin_right = 821.0
margin_bottom = 794.0
rect_scale = Vector2( 0.5, 0.5 )
rect_pivot_offset = Vector2( 0, 0 )
rect_clip_content = false
mouse_filter = 2
mouse_default_cursor_shape = 0
size_flags_horizontal = 1
size_flags_vertical = 4
custom_fonts/font = ExtResource( 7 )
text = "0"
percent_visible = 1.0
lines_skipped = 0
max_lines_visible = -1
_sections_unfolded = [ "Rect", "custom_fonts" ]

[node name="ScoreLabel" type="Label" parent="Score" index="0"]

anchor_left = 0.0
anchor_top = 0.0
anchor_right = 0.0
anchor_bottom = 0.0
margin_right = 1157.0
margin_bottom = 116.0
rect_scale = Vector2( 0.5, 0.5 )
rect_pivot_offset = Vector2( 0, 0 )
rect_clip_content = false
mouse_filter = 2
mouse_default_cursor_shape = 0
size_flags_horizontal = 1
size_flags_vertical = 4
custom_fonts/font = ExtResource( 8 )
text = "Score"
percent_visible = 1.0
lines_skipped = 0
max_lines_visible = -1
_sections_unfolded = [ "Rect", "custom_fonts" ]

[node name="Tryagain" type="Button" parent="." index="39"]

visible = false
anchor_left = 0.0
anchor_top = 0.0
anchor_right = 0.0
anchor_bottom = 0.0
margin_left = 589.0
margin_top = 384.0
margin_right = 770.0
margin_bottom = 433.0
rect_pivot_offset = Vector2( 0, 0 )
rect_clip_content = false
focus_mode = 2
mouse_filter = 0
mouse_default_cursor_shape = 0
size_flags_horizontal = 1
size_flags_vertical = 1
theme = ExtResource( 9 )
toggle_mode = false
enabled_focus_mode = 2
shortcut = null
group = null
text = "Try Again"
flat = false
align = 1
_sections_unfolded = [ "Rect", "Theme" ]

[node name="Label" type="Label" parent="Tryagain" index="0"]

anchor_left = 0.0
anchor_top = 0.0
anchor_right = 0.0
anchor_bottom = 0.0
margin_left = -494.0
margin_top = -104.0
margin_right = 688.0
margin_bottom = 20.0
rect_pivot_offset = Vector2( 0, 0 )
rect_clip_content = false
mouse_filter = 2
mouse_default_cursor_shape = 0
size_flags_horizontal = 1
size_flags_vertical = 4
custom_fonts/font = ExtResource( 8 )
custom_colors/font_color = Color( 0, 1, 0.460938, 1 )
custom_colors/font_color_shadow = Color( 0.277344, 0.277344, 0.277344, 1 )
custom_constants/shadow_offset_x = 10
custom_constants/shadow_offset_y = 10
text = "You ran into something."
percent_visible = 1.0
lines_skipped = 0
max_lines_visible = -1
_sections_unfolded = [ "custom_colors", "custom_constants" ]

[node name="Button" type="Button" parent="Tryagain" index="1"]

anchor_left = 0.0
anchor_top = 0.0
anchor_right = 0.0
anchor_bottom = 0.0
margin_top = 55.0
margin_right = 181.0
margin_bottom = 104.0
rect_pivot_offset = Vector2( 0, 0 )
rect_clip_content = false
focus_mode = 2
mouse_filter = 0
mouse_default_cursor_shape = 0
size_flags_horizontal = 1
size_flags_vertical = 1
toggle_mode = false
enabled_focus_mode = 2
shortcut = null
group = null
text = "Give Up"
flat = false
align = 1
_sections_unfolded = [ "Rect" ]

[node name="Continue" type="Button" parent="." index="40"]

visible = false
anchor_left = 0.0
anchor_top = 0.0
anchor_right = 0.0
anchor_bottom = 0.0
margin_left = 589.0
margin_top = 384.0
margin_right = 770.0
margin_bottom = 433.0
rect_pivot_offset = Vector2( 0, 0 )
rect_clip_content = false
focus_mode = 2
mouse_filter = 0
mouse_default_cursor_shape = 0
size_flags_horizontal = 1
size_flags_vertical = 1
theme = ExtResource( 9 )
toggle_mode = false
enabled_focus_mode = 2
shortcut = null
group = null
text = "Continue"
flat = false
align = 1
_sections_unfolded = [ "Rect", "Theme" ]

[node name="Label" type="Label" parent="Continue" index="0"]

anchor_left = 0.0
anchor_top = 0.0
anchor_right = 0.0
anchor_bottom = 0.0
margin_left = -377.0
margin_top = -125.0
margin_right = 577.0
margin_bottom = -1.0
rect_pivot_offset = Vector2( 0, 0 )
rect_clip_content = false
mouse_filter = 2
mouse_default_cursor_shape = 0
size_flags_horizontal = 1
size_flags_vertical = 4
custom_fonts/font = ExtResource( 8 )
custom_colors/font_color = Color( 0, 1, 0.460938, 1 )
custom_colors/font_color_shadow = Color( 0.277344, 0.277344, 0.277344, 1 )
custom_constants/shadow_offset_x = 10
custom_constants/shadow_offset_y = 10
text = "Your logic prevails!"
percent_visible = 1.0
lines_skipped = 0
max_lines_visible = -1
_sections_unfolded = [ "custom_colors", "custom_constants" ]

[node name="mUSIC" type="AudioStreamPlayer" parent="." index="41"]

stream = ExtResource( 10 )
volume_db = 0.0
autoplay = true
mix_target = 0
bus = "BGM"

[node name="Fail" type="AudioStreamPlayer" parent="." index="42"]

stream = ExtResource( 11 )
volume_db = 0.0
autoplay = false
mix_target = 0
bus = "SFX"

[node name="Selected" type="AudioStreamPlayer" parent="." index="43"]

stream = ExtResource( 12 )
volume_db = 0.0
autoplay = false
mix_target = 0
bus = "SFX"

[node name="Success" type="AudioStreamPlayer" parent="." index="44"]

stream = ExtResource( 13 )
volume_db = 0.0
autoplay = false
mix_target = 0
bus = "SFX"

[node name="Start" type="AudioStreamPlayer" parent="." index="45"]

stream = ExtResource( 14 )
volume_db = 0.0
autoplay = true
mix_target = 0
bus = "SFX"

[node name="Tutorializer" type="Panel" parent="." index="46"]

anchor_left = 0.0
anchor_top = 0.0
anchor_right = 0.0
anchor_bottom = 0.0
margin_left = 232.0
margin_top = 62.0
margin_right = 1183.0
margin_bottom = 706.0
rect_pivot_offset = Vector2( 0, 0 )
rect_clip_content = false
mouse_filter = 0
mouse_default_cursor_shape = 0
size_flags_horizontal = 1
size_flags_vertical = 1
theme = ExtResource( 9 )
_sections_unfolded = [ "Theme" ]

[node name="Tutorializer-Text" type="Label" parent="Tutorializer" index="0"]

anchor_left = 0.0
anchor_top = 0.0
anchor_right = 0.0
anchor_bottom = 0.0
margin_left = 80.0
margin_top = 5.0
margin_right = 1073.0
margin_bottom = 851.0
rect_scale = Vector2( 0.6, 0.6 )
rect_pivot_offset = Vector2( 0, 0 )
rect_clip_content = false
mouse_filter = 2
mouse_default_cursor_shape = 0
size_flags_horizontal = 1
size_flags_vertical = 4
custom_fonts/font = ExtResource( 15 )
text = "This is a test. You should not see this text."
percent_visible = 1.0
lines_skipped = 0
max_lines_visible = -1
_sections_unfolded = [ "Rect", "Theme", "custom_fonts" ]

[node name="NextButton" type="Button" parent="Tutorializer" index="1"]

anchor_left = 0.0
anchor_top = 0.0
anchor_right = 0.0
anchor_bottom = 0.0
margin_left = 827.0
margin_top = 521.0
margin_right = 925.0
margin_bottom = 570.0
rect_pivot_offset = Vector2( 0, 0 )
rect_clip_content = false
focus_mode = 2
mouse_filter = 0
mouse_default_cursor_shape = 0
size_flags_horizontal = 1
size_flags_vertical = 1
toggle_mode = false
enabled_focus_mode = 2
shortcut = null
group = null
flat = false
align = 1

[node name="Label" type="Label" parent="Tutorializer/NextButton" index="0"]

anchor_left = 0.0
anchor_top = 0.0
anchor_right = 0.0
anchor_bottom = 0.0
margin_left = 7.0
margin_top = 2.0
margin_right = 92.0
margin_bottom = 46.0
rect_pivot_offset = Vector2( 0, 0 )
rect_clip_content = false
mouse_filter = 2
mouse_default_cursor_shape = 0
size_flags_horizontal = 1
size_flags_vertical = 4
text = "Next"
percent_visible = 1.0
lines_skipped = 0
max_lines_visible = -1

[node name="BackButton" type="Button" parent="Tutorializer" index="2"]

anchor_left = 0.0
anchor_top = 0.0
anchor_right = 0.0
anchor_bottom = 0.0
margin_left = 827.0
margin_top = 575.0
margin_right = 925.0
margin_bottom = 624.0
rect_pivot_offset = Vector2( 0, 0 )
rect_clip_content = false
focus_mode = 2
mouse_filter = 0
mouse_default_cursor_shape = 0
size_flags_horizontal = 1
size_flags_vertical = 1
toggle_mode = false
enabled_focus_mode = 2
shortcut = null
group = null
flat = false
align = 1
_sections_unfolded = [ "Rect" ]

[node name="Label" type="Label" parent="Tutorializer/BackButton" index="0"]

anchor_left = 0.0
anchor_top = 0.0
anchor_right = 0.0
anchor_bottom = 0.0
margin_left = 7.0
margin_top = 2.0
margin_right = 92.0
margin_bottom = 46.0
rect_pivot_offset = Vector2( 0, 0 )
rect_clip_content = false
mouse_filter = 2
mouse_default_cursor_shape = 0
size_flags_horizontal = 1
size_flags_vertical = 4
text = "Back"
percent_visible = 1.0
lines_skipped = 0
max_lines_visible = -1

[connection signal="pressed" from="Tryagain" to="." method="restart"]

[connection signal="pressed" from="Tryagain/Button" to="." method="failtocampus"]

[connection signal="pressed" from="Continue" to="." method="backtocampus"]

[connection signal="pressed" from="Tutorializer/NextButton" to="." method="tutorializer_next"]

[connection signal="pressed" from="Tutorializer/BackButton" to="." method="tutorializer_previous"]


