[gd_scene load_steps=20 format=2]

[ext_resource path="res://console/Console.gd" type="Script" id=1]
[ext_resource path="res://theme resources/dash_theme.tres" type="Theme" id=2]
[ext_resource path="res://console/Fonts/RobotoMono-BoldItalic.ttf" type="DynamicFontData" id=3]
[ext_resource path="res://console/Fonts/RobotoMono-Italic.ttf" type="DynamicFontData" id=4]
[ext_resource path="res://console/Fonts/RobotoMono-Bold.ttf" type="DynamicFontData" id=5]
[ext_resource path="res://console/Fonts/RobotoMono-Regular.ttf" type="DynamicFontData" id=6]
[ext_resource path="res://theme resources/fonts/Closeness-Outline-Filled.ttf" type="DynamicFontData" id=7]

[sub_resource type="StyleBoxFlat" id=1]

content_margin_left = -1.0
content_margin_right = -1.0
content_margin_top = -1.0
content_margin_bottom = -1.0
bg_color = Color( 0.462745, 0.156863, 0.247059, 1 )
draw_center = true
border_width_left = 0
border_width_top = 0
border_width_right = 0
border_width_bottom = 0
border_color = Color( 0.8, 0.8, 0.8, 1 )
border_blend = false
corner_radius_top_left = 0
corner_radius_top_right = 0
corner_radius_bottom_right = 0
corner_radius_bottom_left = 0
corner_detail = 8
expand_margin_left = 0.0
expand_margin_right = 0.0
expand_margin_top = 0.0
expand_margin_bottom = 0.0
shadow_color = Color( 0, 0, 0, 0.6 )
shadow_size = 0
anti_aliasing = true
anti_aliasing_size = 1

[sub_resource type="Animation" id=2]

length = 0.25
loop = false
step = 0.05
tracks/0/type = "method"
tracks/0/path = NodePath("Container/LineEdit")
tracks/0/interp = 1
tracks/0/loop_wrap = true
tracks/0/imported = false
tracks/0/enabled = true
tracks/0/keys = {
"times": PoolRealArray( 0, 0.25 ),
"transitions": PoolRealArray( 1, 1 ),
"values": [ {
"args": [  ],
"method": "clear"
}, {
"args": [  ],
"method": "clear"
} ]
}
tracks/1/type = "value"
tracks/1/path = NodePath(".:modulate")
tracks/1/interp = 1
tracks/1/loop_wrap = true
tracks/1/imported = false
tracks/1/enabled = true
tracks/1/keys = {
"times": PoolRealArray( 0, 0.25 ),
"transitions": PoolRealArray( 1, 1 ),
"update": 0,
"values": [ Color( 1, 1, 1, 1 ), Color( 1, 1, 1, 0 ) ]
}

[sub_resource type="StyleBoxEmpty" id=3]

content_margin_left = -1.0
content_margin_right = -1.0
content_margin_top = -1.0
content_margin_bottom = -1.0

[sub_resource type="StyleBoxEmpty" id=4]

content_margin_left = -1.0
content_margin_right = -1.0
content_margin_top = -1.0
content_margin_bottom = -1.0

[sub_resource type="DynamicFont" id=5]

size = 16
use_mipmaps = false
use_filter = false
font_data = ExtResource( 3 )
_sections_unfolded = [ "Extra Spacing", "Font", "Settings" ]

[sub_resource type="DynamicFont" id=6]

size = 16
use_mipmaps = false
use_filter = false
font_data = ExtResource( 4 )

[sub_resource type="DynamicFont" id=7]

size = 16
use_mipmaps = false
use_filter = false
font_data = ExtResource( 5 )

[sub_resource type="DynamicFont" id=8]

size = 16
use_mipmaps = false
use_filter = false
font_data = ExtResource( 6 )

[sub_resource type="StyleBoxFlat" id=9]

content_margin_left = -1.0
content_margin_right = -1.0
content_margin_top = -1.0
content_margin_bottom = -1.0
bg_color = Color( 0.0132904, 0.186026, 0.261719, 0.701458 )
draw_center = true
border_width_left = 0
border_width_top = 0
border_width_right = 0
border_width_bottom = 0
border_color = Color( 0.8, 0.8, 0.8, 1 )
border_blend = true
corner_radius_top_left = 0
corner_radius_top_right = 0
corner_radius_bottom_right = 0
corner_radius_bottom_left = 0
corner_detail = 8
expand_margin_left = 0.0
expand_margin_right = 0.0
expand_margin_top = 0.0
expand_margin_bottom = 0.0
shadow_color = Color( 0, 0, 0, 0.6 )
shadow_size = 0
anti_aliasing = true
anti_aliasing_size = 1

[sub_resource type="DynamicFont" id=10]

size = 16
use_mipmaps = false
use_filter = false
font_data = ExtResource( 6 )
_sections_unfolded = [ "Font", "Settings" ]

[sub_resource type="Animation" id=11]

length = 0.25
loop = false
step = 0.05
tracks/0/type = "value"
tracks/0/path = NodePath(".:modulate")
tracks/0/interp = 1
tracks/0/loop_wrap = true
tracks/0/imported = false
tracks/0/enabled = true
tracks/0/keys = {
"times": PoolRealArray( 0, 0.25 ),
"transitions": PoolRealArray( 1, 1 ),
"update": 0,
"values": [ Color( 1, 1, 1, 1 ), Color( 1, 1, 1, 0 ) ]
}

[sub_resource type="DynamicFont" id=12]

size = 54
use_mipmaps = true
use_filter = false
font_data = ExtResource( 7 )
_sections_unfolded = [ "Extra Spacing", "Font", "Settings" ]

[node name="Console" type="CanvasLayer"]

pause_mode = 2
layer = 32
offset = Vector2( 0, 0 )
rotation = 0.0
scale = Vector2( 1, 1 )
transform = Transform2D( 1, 0, 0, 1, 0, 0 )
script = ExtResource( 1 )
_sections_unfolded = [ "Pause" ]
action_console_toggle = "console_toggle"
action_history_up = "ui_up"
action_history_down = "ui_down"

[node name="ConsoleBox" type="Panel" parent="." index="0"]

self_modulate = Color( 1, 1, 1, 0.8 )
anchor_left = 0.0
anchor_top = 0.0
anchor_right = 1.0
anchor_bottom = 1.0
margin_top = 499.0
margin_right = -1000.0
margin_bottom = -1.0
rect_pivot_offset = Vector2( 0, 0 )
rect_clip_content = false
mouse_filter = 2
mouse_default_cursor_shape = 0
size_flags_horizontal = 1
size_flags_vertical = 1
theme = ExtResource( 2 )
custom_styles/panel = SubResource( 1 )
_sections_unfolded = [ "Anchor", "Focus", "Grow Direction", "Hint", "Margin", "Mouse", "Rect", "Size Flags", "Theme", "custom_styles" ]

[node name="AnimationPlayer" type="AnimationPlayer" parent="ConsoleBox" index="0"]

root_node = NodePath("..")
autoplay = ""
playback_process_mode = 1
playback_default_blend_time = 0.0
playback_speed = 1.0
anims/fade = SubResource( 2 )
blend_times = [  ]

[node name="Container" type="VBoxContainer" parent="ConsoleBox" index="1"]

anchor_left = 0.0
anchor_top = 0.0
anchor_right = 1.0
anchor_bottom = 1.0
rect_pivot_offset = Vector2( 0, 0 )
rect_clip_content = false
mouse_filter = 2
mouse_default_cursor_shape = 0
size_flags_horizontal = 1
size_flags_vertical = 1
alignment = 0
_sections_unfolded = [ "Theme" ]

[node name="Label" type="Label" parent="ConsoleBox/Container" index="0"]

anchor_left = 0.0
anchor_top = 0.0
anchor_right = 0.0
anchor_bottom = 0.0
margin_right = 366.0
margin_bottom = 44.0
rect_pivot_offset = Vector2( 0, 0 )
rect_clip_content = false
mouse_filter = 2
mouse_default_cursor_shape = 0
size_flags_horizontal = 1
size_flags_vertical = 4
text = "Chat Window:"
percent_visible = 1.0
lines_skipped = 0
max_lines_visible = -1
_sections_unfolded = [ "Grow Direction", "Theme", "custom_fonts", "custom_styles" ]

[node name="ConsoleText" type="RichTextLabel" parent="ConsoleBox/Container" index="1"]

anchor_left = 0.0
anchor_top = 0.0
anchor_right = 0.0
anchor_bottom = 0.0
margin_top = 48.0
margin_right = 366.0
margin_bottom = 234.0
rect_pivot_offset = Vector2( 0, 0 )
rect_clip_content = true
focus_neighbour_left = NodePath("../LineEdit")
focus_neighbour_top = NodePath("../LineEdit")
focus_neighbour_right = NodePath("../LineEdit")
focus_neighbour_bottom = NodePath("../LineEdit")
focus_next = NodePath("../LineEdit")
focus_previous = NodePath("../LineEdit")
mouse_filter = 0
mouse_default_cursor_shape = 0
size_flags_horizontal = 3
size_flags_vertical = 3
custom_styles/focus = SubResource( 3 )
custom_styles/normal = SubResource( 4 )
custom_fonts/bold_italics_font = SubResource( 5 )
custom_fonts/italics_font = SubResource( 6 )
custom_fonts/bold_font = SubResource( 7 )
custom_fonts/normal_font = SubResource( 8 )
custom_constants/line_separation = 4
bbcode_enabled = true
bbcode_text = ""
visible_characters = -1
percent_visible = 1.0
meta_underlined = true
tab_size = 4
text = ""
scroll_active = true
scroll_following = false
selection_enabled = false
override_selected_font_color = false
_sections_unfolded = [ "Anchor", "BBCode", "Focus", "Grow Direction", "Hint", "Margin", "Material", "Mouse", "Rect", "Size Flags", "Theme", "Visibility", "custom_colors", "custom_constants", "custom_fonts", "custom_styles" ]

[node name="LineEdit" type="LineEdit" parent="ConsoleBox/Container" index="2"]

anchor_left = 0.0
anchor_top = 0.0
anchor_right = 0.0
anchor_bottom = 0.0
margin_top = 238.0
margin_right = 366.0
margin_bottom = 268.0
rect_pivot_offset = Vector2( 0, 0 )
rect_clip_content = false
focus_neighbour_left = NodePath(".")
focus_neighbour_top = NodePath(".")
focus_neighbour_right = NodePath(".")
focus_neighbour_bottom = NodePath(".")
focus_next = NodePath(".")
focus_previous = NodePath(".")
focus_mode = 2
mouse_filter = 0
mouse_default_cursor_shape = 1
size_flags_horizontal = 3
size_flags_vertical = 1
custom_styles/focus = SubResource( 9 )
custom_fonts/font = SubResource( 10 )
focus_mode = 2
context_menu_enabled = true
placeholder_alpha = 0.6
caret_blink = false
caret_blink_speed = 0.65
caret_position = 0
_sections_unfolded = [ "Anchor", "Caret", "Grow Direction", "Margin", "Material", "Pause", "Placeholder", "Rect", "Size Flags", "Theme", "Visibility", "custom_colors", "custom_constants", "custom_fonts", "custom_styles" ]

[node name="ScoreboardBox" type="Panel" parent="." index="1"]

self_modulate = Color( 1, 1, 1, 0.8 )
anchor_left = 0.0
anchor_top = 0.0
anchor_right = 1.0
anchor_bottom = 1.0
margin_left = 18.0
margin_top = 16.0
margin_right = -322.0
margin_bottom = -288.0
rect_pivot_offset = Vector2( 0, 0 )
rect_clip_content = false
mouse_filter = 2
mouse_default_cursor_shape = 0
size_flags_horizontal = 1
size_flags_vertical = 1
theme = ExtResource( 2 )
custom_styles/panel = SubResource( 1 )
_sections_unfolded = [ "Anchor", "Focus", "Grow Direction", "Hint", "Margin", "Mouse", "Rect", "Size Flags", "Theme", "custom_styles" ]

[node name="AnimationPlayer" type="AnimationPlayer" parent="ScoreboardBox" index="0"]

root_node = NodePath("..")
autoplay = ""
playback_process_mode = 1
playback_default_blend_time = 0.0
playback_speed = 1.0
anims/fade = SubResource( 11 )
blend_times = [  ]

[node name="ItemList" type="ItemList" parent="ScoreboardBox" index="1"]

anchor_left = 0.0
anchor_top = 0.0
anchor_right = 0.0
anchor_bottom = 0.0
margin_left = 27.0
margin_top = 58.0
margin_right = 993.0
margin_bottom = 464.0
rect_pivot_offset = Vector2( 0, 0 )
rect_clip_content = true
focus_mode = 2
mouse_filter = 0
mouse_default_cursor_shape = 0
size_flags_horizontal = 1
size_flags_vertical = 1
items = [  ]
select_mode = 0
allow_reselect = false
icon_mode = 1
fixed_icon_size = Vector2( 0, 0 )
_sections_unfolded = [ "Columns", "Icon", "Mouse", "Size Flags", "custom_fonts" ]

[node name="Label" type="Label" parent="ScoreboardBox" index="2"]

anchor_left = 0.0
anchor_top = 0.0
anchor_right = 0.0
anchor_bottom = 0.0
margin_right = 1026.0
margin_bottom = 44.0
rect_pivot_offset = Vector2( 0, 0 )
rect_clip_content = false
mouse_filter = 2
mouse_default_cursor_shape = 0
size_flags_horizontal = 1
size_flags_vertical = 4
custom_fonts/font = SubResource( 12 )
text = "Scoreboard"
align = 1
percent_visible = 1.0
lines_skipped = 0
max_lines_visible = -1
_sections_unfolded = [ "Grow Direction", "Size Flags", "custom_colors", "custom_fonts" ]

[node name="Container" type="VBoxContainer" parent="ScoreboardBox" index="3"]

anchor_left = 0.0
anchor_top = 0.0
anchor_right = 1.0
anchor_bottom = 1.0
rect_pivot_offset = Vector2( 0, 0 )
rect_clip_content = false
mouse_filter = 2
mouse_default_cursor_shape = 0
size_flags_horizontal = 1
size_flags_vertical = 1
alignment = 0
_sections_unfolded = [ "Theme" ]

[node name="ScoreboardText" type="RichTextLabel" parent="ScoreboardBox/Container" index="0"]

anchor_left = 0.0
anchor_top = 0.0
anchor_right = 0.0
anchor_bottom = 0.0
margin_right = 1026.0
margin_bottom = 464.0
rect_pivot_offset = Vector2( 0, 0 )
rect_clip_content = true
focus_neighbour_left = NodePath("../LineEdit")
focus_neighbour_top = NodePath("../LineEdit")
focus_neighbour_right = NodePath("../LineEdit")
focus_neighbour_bottom = NodePath("../LineEdit")
focus_next = NodePath("../LineEdit")
focus_previous = NodePath("../LineEdit")
mouse_filter = 0
mouse_default_cursor_shape = 0
size_flags_horizontal = 3
size_flags_vertical = 3
custom_styles/focus = SubResource( 3 )
custom_styles/normal = SubResource( 4 )
custom_fonts/bold_italics_font = SubResource( 5 )
custom_fonts/italics_font = SubResource( 6 )
custom_fonts/bold_font = SubResource( 7 )
custom_fonts/normal_font = SubResource( 8 )
custom_constants/line_separation = 4
bbcode_enabled = true
bbcode_text = ""
visible_characters = -1
percent_visible = 1.0
meta_underlined = true
tab_size = 4
text = ""
scroll_active = true
scroll_following = false
selection_enabled = false
override_selected_font_color = false
_sections_unfolded = [ "Anchor", "BBCode", "Focus", "Grow Direction", "Hint", "Margin", "Material", "Mouse", "Rect", "Size Flags", "Theme", "Visibility", "custom_colors", "custom_constants", "custom_fonts", "custom_styles" ]


