[gd_scene load_steps=15 format=2]

[ext_resource path="res://puzzles/Relentless-Big/Relentless-Big.gd" type="Script" id=1]
[ext_resource path="res://theme resources/background-teal.png" type="Texture" id=2]
[ext_resource path="res://puzzles/Relentless/current_tile.svg" type="Texture" id=3]
[ext_resource path="res://puzzles/Relentless/pressed_tile.svg" type="Texture" id=4]
[ext_resource path="res://puzzles/Relentless/unexplored_tile.svg" type="Texture" id=5]
[ext_resource path="res://puzzles/Relentless/potential_tile.svg" type="Texture" id=6]
[ext_resource path="res://puzzles/Stump/Stump-Tilefont.tres" type="DynamicFont" id=7]
[ext_resource path="res://puzzles/Sudoku/bitter-res.tres" type="DynamicFont" id=8]
[ext_resource path="res://theme resources/dash_theme.tres" type="Theme" id=9]
[ext_resource path="res://bgm/Galactic Mud-02.ogg" type="AudioStream" id=10]
[ext_resource path="res://assets/SFX/PuzzleFailed.ogg" type="AudioStream" id=11]
[ext_resource path="res://assets/SFX/Pop!.ogg" type="AudioStream" id=12]
[ext_resource path="res://assets/SFX/PuzzleSolved.ogg" type="AudioStream" id=13]
[ext_resource path="res://assets/SFX/PuzzleStart.ogg" type="AudioStream" id=14]

[node name="Relentless" type="CanvasLayer"]

layer = 20
offset = Vector2( 0, 0 )
rotation = 0.0
scale = Vector2( 1, 1 )
transform = Transform2D( 1, 0, 0, 1, 0, 0 )
script = ExtResource( 1 )

[node name="Background" type="Sprite" parent="." index="0"]

scale = Vector2( 0.25, 0.25 )
texture = ExtResource( 2 )
centered = false
_sections_unfolded = [ "Offset", "Transform" ]

[node name="Tiles" type="Container" parent="." index="1"]

editor/display_folded = true
anchor_left = 0.0
anchor_top = 0.0
anchor_right = 0.0
anchor_bottom = 0.0
margin_left = 400.0
margin_top = 35.0
margin_right = 440.0
margin_bottom = 75.0
rect_pivot_offset = Vector2( 0, 0 )
rect_clip_content = false
mouse_filter = 0
mouse_default_cursor_shape = 0
size_flags_horizontal = 1
size_flags_vertical = 1
_sections_unfolded = [ "Rect" ]

[node name="Tile1" type="TextureButton" parent="Tiles" index="0"]

anchor_left = 0.0
anchor_top = 0.0
anchor_right = 0.0
anchor_bottom = 0.0
margin_right = 48.0
margin_bottom = 48.0
rect_scale = Vector2( 2, 2 )
rect_pivot_offset = Vector2( 0, 0 )
rect_clip_content = false
focus_mode = 2
mouse_filter = 0
mouse_default_cursor_shape = 0
size_flags_horizontal = 1
size_flags_vertical = 1
toggle_mode = false
enabled_focus_mode = 2
shortcut = null
group = null
texture_normal = ExtResource( 3 )
texture_pressed = ExtResource( 4 )
texture_disabled = ExtResource( 5 )
_sections_unfolded = [ "Rect", "Textures" ]

[node name="Tile2" type="TextureButton" parent="Tiles" index="1"]

anchor_left = 0.0
anchor_top = 0.0
anchor_right = 0.0
anchor_bottom = 0.0
margin_left = 100.0
margin_right = 148.0
margin_bottom = 48.0
rect_scale = Vector2( 2, 2 )
rect_pivot_offset = Vector2( 0, 0 )
rect_clip_content = false
focus_mode = 2
mouse_filter = 0
mouse_default_cursor_shape = 0
size_flags_horizontal = 1
size_flags_vertical = 1
toggle_mode = false
enabled_focus_mode = 2
shortcut = null
group = null
texture_normal = ExtResource( 6 )
texture_pressed = ExtResource( 4 )
texture_disabled = ExtResource( 5 )
_sections_unfolded = [ "Rect", "Textures" ]

[node name="Tile3" type="TextureButton" parent="Tiles" index="2"]

anchor_left = 0.0
anchor_top = 0.0
anchor_right = 0.0
anchor_bottom = 0.0
margin_left = 200.0
margin_right = 248.0
margin_bottom = 48.0
rect_scale = Vector2( 2, 2 )
rect_pivot_offset = Vector2( 0, 0 )
rect_clip_content = false
focus_mode = 2
mouse_filter = 0
mouse_default_cursor_shape = 0
size_flags_horizontal = 1
size_flags_vertical = 1
disabled = true
toggle_mode = false
enabled_focus_mode = 2
shortcut = null
group = null
texture_normal = ExtResource( 6 )
texture_pressed = ExtResource( 4 )
texture_disabled = ExtResource( 5 )
_sections_unfolded = [ "Rect", "Textures" ]

[node name="Tile4" type="TextureButton" parent="Tiles" index="3"]

anchor_left = 0.0
anchor_top = 0.0
anchor_right = 0.0
anchor_bottom = 0.0
margin_left = 300.0
margin_right = 348.0
margin_bottom = 48.0
rect_scale = Vector2( 2, 2 )
rect_pivot_offset = Vector2( 0, 0 )
rect_clip_content = false
focus_mode = 2
mouse_filter = 0
mouse_default_cursor_shape = 0
size_flags_horizontal = 1
size_flags_vertical = 1
disabled = true
toggle_mode = false
enabled_focus_mode = 2
shortcut = null
group = null
texture_normal = ExtResource( 6 )
texture_pressed = ExtResource( 4 )
texture_disabled = ExtResource( 5 )
_sections_unfolded = [ "Rect", "Textures" ]

[node name="Tile5" type="TextureButton" parent="Tiles" index="4"]

anchor_left = 0.0
anchor_top = 0.0
anchor_right = 0.0
anchor_bottom = 0.0
margin_left = 400.0
margin_right = 448.0
margin_bottom = 48.0
rect_scale = Vector2( 2, 2 )
rect_pivot_offset = Vector2( 0, 0 )
rect_clip_content = false
focus_mode = 2
mouse_filter = 0
mouse_default_cursor_shape = 0
size_flags_horizontal = 1
size_flags_vertical = 1
disabled = true
toggle_mode = false
enabled_focus_mode = 2
shortcut = null
group = null
texture_normal = ExtResource( 6 )
texture_pressed = ExtResource( 4 )
texture_disabled = ExtResource( 5 )
_sections_unfolded = [ "Rect", "Textures" ]

[node name="Tile6" type="TextureButton" parent="Tiles" index="5"]

anchor_left = 0.0
anchor_top = 0.0
anchor_right = 0.0
anchor_bottom = 0.0
margin_left = 500.0
margin_right = 548.0
margin_bottom = 48.0
rect_scale = Vector2( 2, 2 )
rect_pivot_offset = Vector2( 0, 0 )
rect_clip_content = false
focus_mode = 2
mouse_filter = 0
mouse_default_cursor_shape = 0
size_flags_horizontal = 1
size_flags_vertical = 1
disabled = true
toggle_mode = false
enabled_focus_mode = 2
shortcut = null
group = null
texture_normal = ExtResource( 6 )
texture_pressed = ExtResource( 4 )
texture_disabled = ExtResource( 5 )
_sections_unfolded = [ "Rect", "Textures" ]

[node name="Tile7" type="TextureButton" parent="Tiles" index="6"]

anchor_left = 0.0
anchor_top = 0.0
anchor_right = 0.0
anchor_bottom = 0.0
margin_left = 600.0
margin_right = 648.0
margin_bottom = 48.0
rect_scale = Vector2( 2, 2 )
rect_pivot_offset = Vector2( 0, 0 )
rect_clip_content = false
focus_mode = 2
mouse_filter = 0
mouse_default_cursor_shape = 0
size_flags_horizontal = 1
size_flags_vertical = 1
disabled = true
toggle_mode = false
enabled_focus_mode = 2
shortcut = null
group = null
texture_normal = ExtResource( 6 )
texture_pressed = ExtResource( 4 )
texture_disabled = ExtResource( 5 )
_sections_unfolded = [ "Rect", "Textures" ]

[node name="Tile8" type="TextureButton" parent="Tiles" index="7"]

anchor_left = 0.0
anchor_top = 0.0
anchor_right = 0.0
anchor_bottom = 0.0
margin_left = 700.0
margin_right = 748.0
margin_bottom = 48.0
rect_scale = Vector2( 2, 2 )
rect_pivot_offset = Vector2( 0, 0 )
rect_clip_content = false
focus_mode = 2
mouse_filter = 0
mouse_default_cursor_shape = 0
size_flags_horizontal = 1
size_flags_vertical = 1
disabled = true
toggle_mode = false
enabled_focus_mode = 2
shortcut = null
group = null
texture_normal = ExtResource( 6 )
texture_pressed = ExtResource( 4 )
texture_disabled = ExtResource( 5 )
_sections_unfolded = [ "Rect", "Textures" ]

[node name="Tile9" type="TextureButton" parent="Tiles" index="8"]

anchor_left = 0.0
anchor_top = 0.0
anchor_right = 0.0
anchor_bottom = 0.0
margin_left = 800.0
margin_right = 848.0
margin_bottom = 48.0
rect_scale = Vector2( 2, 2 )
rect_pivot_offset = Vector2( 0, 0 )
rect_clip_content = false
focus_mode = 2
mouse_filter = 0
mouse_default_cursor_shape = 0
size_flags_horizontal = 1
size_flags_vertical = 1
disabled = true
toggle_mode = false
enabled_focus_mode = 2
shortcut = null
group = null
texture_normal = ExtResource( 6 )
texture_pressed = ExtResource( 4 )
texture_disabled = ExtResource( 5 )
_sections_unfolded = [ "Rect", "Textures" ]

[node name="Tile10" type="TextureButton" parent="Tiles" index="9"]

anchor_left = 0.0
anchor_top = 0.0
anchor_right = 0.0
anchor_bottom = 0.0
margin_top = 100.0
margin_right = 48.0
margin_bottom = 148.0
rect_scale = Vector2( 2, 2 )
rect_pivot_offset = Vector2( 0, 0 )
rect_clip_content = false
focus_mode = 2
mouse_filter = 0
mouse_default_cursor_shape = 0
size_flags_horizontal = 1
size_flags_vertical = 1
toggle_mode = false
enabled_focus_mode = 2
shortcut = null
group = null
texture_normal = ExtResource( 6 )
texture_pressed = ExtResource( 4 )
texture_disabled = ExtResource( 5 )
_sections_unfolded = [ "Rect", "Textures" ]

[node name="Tile11" type="TextureButton" parent="Tiles" index="10"]

anchor_left = 0.0
anchor_top = 0.0
anchor_right = 0.0
anchor_bottom = 0.0
margin_left = 100.0
margin_top = 100.0
margin_right = 148.0
margin_bottom = 148.0
rect_scale = Vector2( 2, 2 )
rect_pivot_offset = Vector2( 0, 0 )
rect_clip_content = false
focus_mode = 2
mouse_filter = 0
mouse_default_cursor_shape = 0
size_flags_horizontal = 1
size_flags_vertical = 1
toggle_mode = false
enabled_focus_mode = 2
shortcut = null
group = null
texture_normal = ExtResource( 6 )
texture_pressed = ExtResource( 4 )
texture_disabled = ExtResource( 5 )
_sections_unfolded = [ "Rect", "Textures" ]

[node name="Tile12" type="TextureButton" parent="Tiles" index="11"]

anchor_left = 0.0
anchor_top = 0.0
anchor_right = 0.0
anchor_bottom = 0.0
margin_left = 200.0
margin_top = 100.0
margin_right = 248.0
margin_bottom = 148.0
rect_scale = Vector2( 2, 2 )
rect_pivot_offset = Vector2( 0, 0 )
rect_clip_content = false
focus_mode = 2
mouse_filter = 0
mouse_default_cursor_shape = 0
size_flags_horizontal = 1
size_flags_vertical = 1
disabled = true
toggle_mode = false
enabled_focus_mode = 2
shortcut = null
group = null
texture_normal = ExtResource( 6 )
texture_pressed = ExtResource( 4 )
texture_disabled = ExtResource( 5 )
_sections_unfolded = [ "Rect", "Textures" ]

[node name="Tile13" type="TextureButton" parent="Tiles" index="12"]

anchor_left = 0.0
anchor_top = 0.0
anchor_right = 0.0
anchor_bottom = 0.0
margin_left = 300.0
margin_top = 100.0
margin_right = 348.0
margin_bottom = 148.0
rect_scale = Vector2( 2, 2 )
rect_pivot_offset = Vector2( 0, 0 )
rect_clip_content = false
focus_mode = 2
mouse_filter = 0
mouse_default_cursor_shape = 0
size_flags_horizontal = 1
size_flags_vertical = 1
disabled = true
toggle_mode = false
enabled_focus_mode = 2
shortcut = null
group = null
texture_normal = ExtResource( 6 )
texture_pressed = ExtResource( 4 )
texture_disabled = ExtResource( 5 )
_sections_unfolded = [ "Rect", "Textures" ]

[node name="Tile14" type="TextureButton" parent="Tiles" index="13"]

anchor_left = 0.0
anchor_top = 0.0
anchor_right = 0.0
anchor_bottom = 0.0
margin_left = 400.0
margin_top = 100.0
margin_right = 448.0
margin_bottom = 148.0
rect_scale = Vector2( 2, 2 )
rect_pivot_offset = Vector2( 0, 0 )
rect_clip_content = false
focus_mode = 2
mouse_filter = 0
mouse_default_cursor_shape = 0
size_flags_horizontal = 1
size_flags_vertical = 1
disabled = true
toggle_mode = false
enabled_focus_mode = 2
shortcut = null
group = null
texture_normal = ExtResource( 6 )
texture_pressed = ExtResource( 4 )
texture_disabled = ExtResource( 5 )
_sections_unfolded = [ "Rect", "Textures" ]

[node name="Tile15" type="TextureButton" parent="Tiles" index="14"]

anchor_left = 0.0
anchor_top = 0.0
anchor_right = 0.0
anchor_bottom = 0.0
margin_left = 500.0
margin_top = 100.0
margin_right = 548.0
margin_bottom = 148.0
rect_scale = Vector2( 2, 2 )
rect_pivot_offset = Vector2( 0, 0 )
rect_clip_content = false
focus_mode = 2
mouse_filter = 0
mouse_default_cursor_shape = 0
size_flags_horizontal = 1
size_flags_vertical = 1
disabled = true
toggle_mode = false
enabled_focus_mode = 2
shortcut = null
group = null
texture_normal = ExtResource( 6 )
texture_pressed = ExtResource( 4 )
texture_disabled = ExtResource( 5 )
_sections_unfolded = [ "Rect", "Textures" ]

[node name="Tile16" type="TextureButton" parent="Tiles" index="15"]

anchor_left = 0.0
anchor_top = 0.0
anchor_right = 0.0
anchor_bottom = 0.0
margin_left = 600.0
margin_top = 100.0
margin_right = 648.0
margin_bottom = 148.0
rect_scale = Vector2( 2, 2 )
rect_pivot_offset = Vector2( 0, 0 )
rect_clip_content = false
focus_mode = 2
mouse_filter = 0
mouse_default_cursor_shape = 0
size_flags_horizontal = 1
size_flags_vertical = 1
disabled = true
toggle_mode = false
enabled_focus_mode = 2
shortcut = null
group = null
texture_normal = ExtResource( 6 )
texture_pressed = ExtResource( 4 )
texture_disabled = ExtResource( 5 )
_sections_unfolded = [ "Rect", "Textures" ]

[node name="Tile17" type="TextureButton" parent="Tiles" index="16"]

anchor_left = 0.0
anchor_top = 0.0
anchor_right = 0.0
anchor_bottom = 0.0
margin_left = 700.0
margin_top = 100.0
margin_right = 748.0
margin_bottom = 148.0
rect_scale = Vector2( 2, 2 )
rect_pivot_offset = Vector2( 0, 0 )
rect_clip_content = false
focus_mode = 2
mouse_filter = 0
mouse_default_cursor_shape = 0
size_flags_horizontal = 1
size_flags_vertical = 1
disabled = true
toggle_mode = false
enabled_focus_mode = 2
shortcut = null
group = null
texture_normal = ExtResource( 6 )
texture_pressed = ExtResource( 4 )
texture_disabled = ExtResource( 5 )
_sections_unfolded = [ "Rect", "Textures" ]

[node name="Tile18" type="TextureButton" parent="Tiles" index="17"]

anchor_left = 0.0
anchor_top = 0.0
anchor_right = 0.0
anchor_bottom = 0.0
margin_left = 800.0
margin_top = 100.0
margin_right = 848.0
margin_bottom = 148.0
rect_scale = Vector2( 2, 2 )
rect_pivot_offset = Vector2( 0, 0 )
rect_clip_content = false
focus_mode = 2
mouse_filter = 0
mouse_default_cursor_shape = 0
size_flags_horizontal = 1
size_flags_vertical = 1
disabled = true
toggle_mode = false
enabled_focus_mode = 2
shortcut = null
group = null
texture_normal = ExtResource( 6 )
texture_pressed = ExtResource( 4 )
texture_disabled = ExtResource( 5 )
_sections_unfolded = [ "Rect", "Textures" ]

[node name="Tile19" type="TextureButton" parent="Tiles" index="18"]

anchor_left = 0.0
anchor_top = 0.0
anchor_right = 0.0
anchor_bottom = 0.0
margin_top = 200.0
margin_right = 48.0
margin_bottom = 248.0
rect_scale = Vector2( 2, 2 )
rect_pivot_offset = Vector2( 0, 0 )
rect_clip_content = false
focus_mode = 2
mouse_filter = 0
mouse_default_cursor_shape = 0
size_flags_horizontal = 1
size_flags_vertical = 1
disabled = true
toggle_mode = false
enabled_focus_mode = 2
shortcut = null
group = null
texture_normal = ExtResource( 6 )
texture_pressed = ExtResource( 4 )
texture_disabled = ExtResource( 5 )
_sections_unfolded = [ "Rect", "Textures" ]

[node name="Tile20" type="TextureButton" parent="Tiles" index="19"]

anchor_left = 0.0
anchor_top = 0.0
anchor_right = 0.0
anchor_bottom = 0.0
margin_left = 100.0
margin_top = 200.0
margin_right = 148.0
margin_bottom = 248.0
rect_scale = Vector2( 2, 2 )
rect_pivot_offset = Vector2( 0, 0 )
rect_clip_content = false
focus_mode = 2
mouse_filter = 0
mouse_default_cursor_shape = 0
size_flags_horizontal = 1
size_flags_vertical = 1
disabled = true
toggle_mode = false
enabled_focus_mode = 2
shortcut = null
group = null
texture_normal = ExtResource( 6 )
texture_pressed = ExtResource( 4 )
texture_disabled = ExtResource( 5 )
_sections_unfolded = [ "Rect", "Textures" ]

[node name="Tile21" type="TextureButton" parent="Tiles" index="20"]

anchor_left = 0.0
anchor_top = 0.0
anchor_right = 0.0
anchor_bottom = 0.0
margin_left = 200.0
margin_top = 200.0
margin_right = 248.0
margin_bottom = 248.0
rect_scale = Vector2( 2, 2 )
rect_pivot_offset = Vector2( 0, 0 )
rect_clip_content = false
focus_mode = 2
mouse_filter = 0
mouse_default_cursor_shape = 0
size_flags_horizontal = 1
size_flags_vertical = 1
disabled = true
toggle_mode = false
enabled_focus_mode = 2
shortcut = null
group = null
texture_normal = ExtResource( 6 )
texture_pressed = ExtResource( 4 )
texture_disabled = ExtResource( 5 )
_sections_unfolded = [ "Rect", "Textures" ]

[node name="Tile22" type="TextureButton" parent="Tiles" index="21"]

anchor_left = 0.0
anchor_top = 0.0
anchor_right = 0.0
anchor_bottom = 0.0
margin_left = 300.0
margin_top = 200.0
margin_right = 348.0
margin_bottom = 248.0
rect_scale = Vector2( 2, 2 )
rect_pivot_offset = Vector2( 0, 0 )
rect_clip_content = false
focus_mode = 2
mouse_filter = 0
mouse_default_cursor_shape = 0
size_flags_horizontal = 1
size_flags_vertical = 1
disabled = true
toggle_mode = false
enabled_focus_mode = 2
shortcut = null
group = null
texture_normal = ExtResource( 6 )
texture_pressed = ExtResource( 4 )
texture_disabled = ExtResource( 5 )
_sections_unfolded = [ "Rect", "Textures" ]

[node name="Tile23" type="TextureButton" parent="Tiles" index="22"]

anchor_left = 0.0
anchor_top = 0.0
anchor_right = 0.0
anchor_bottom = 0.0
margin_left = 400.0
margin_top = 200.0
margin_right = 448.0
margin_bottom = 248.0
rect_scale = Vector2( 2, 2 )
rect_pivot_offset = Vector2( 0, 0 )
rect_clip_content = false
focus_mode = 2
mouse_filter = 0
mouse_default_cursor_shape = 0
size_flags_horizontal = 1
size_flags_vertical = 1
disabled = true
toggle_mode = false
enabled_focus_mode = 2
shortcut = null
group = null
texture_normal = ExtResource( 6 )
texture_pressed = ExtResource( 4 )
texture_disabled = ExtResource( 5 )
_sections_unfolded = [ "Rect", "Textures" ]

[node name="Tile24" type="TextureButton" parent="Tiles" index="23"]

anchor_left = 0.0
anchor_top = 0.0
anchor_right = 0.0
anchor_bottom = 0.0
margin_left = 500.0
margin_top = 200.0
margin_right = 548.0
margin_bottom = 248.0
rect_scale = Vector2( 2, 2 )
rect_pivot_offset = Vector2( 0, 0 )
rect_clip_content = false
focus_mode = 2
mouse_filter = 0
mouse_default_cursor_shape = 0
size_flags_horizontal = 1
size_flags_vertical = 1
disabled = true
toggle_mode = false
enabled_focus_mode = 2
shortcut = null
group = null
texture_normal = ExtResource( 6 )
texture_pressed = ExtResource( 4 )
texture_disabled = ExtResource( 5 )
_sections_unfolded = [ "Rect", "Textures" ]

[node name="Tile25" type="TextureButton" parent="Tiles" index="24"]

anchor_left = 0.0
anchor_top = 0.0
anchor_right = 0.0
anchor_bottom = 0.0
margin_left = 600.0
margin_top = 200.0
margin_right = 648.0
margin_bottom = 248.0
rect_scale = Vector2( 2, 2 )
rect_pivot_offset = Vector2( 0, 0 )
rect_clip_content = false
focus_mode = 2
mouse_filter = 0
mouse_default_cursor_shape = 0
size_flags_horizontal = 1
size_flags_vertical = 1
disabled = true
toggle_mode = false
enabled_focus_mode = 2
shortcut = null
group = null
texture_normal = ExtResource( 6 )
texture_pressed = ExtResource( 4 )
texture_disabled = ExtResource( 5 )
_sections_unfolded = [ "Rect", "Textures" ]

[node name="Tile26" type="TextureButton" parent="Tiles" index="25"]

anchor_left = 0.0
anchor_top = 0.0
anchor_right = 0.0
anchor_bottom = 0.0
margin_left = 700.0
margin_top = 200.0
margin_right = 748.0
margin_bottom = 248.0
rect_scale = Vector2( 2, 2 )
rect_pivot_offset = Vector2( 0, 0 )
rect_clip_content = false
focus_mode = 2
mouse_filter = 0
mouse_default_cursor_shape = 0
size_flags_horizontal = 1
size_flags_vertical = 1
disabled = true
toggle_mode = false
enabled_focus_mode = 2
shortcut = null
group = null
texture_normal = ExtResource( 6 )
texture_pressed = ExtResource( 4 )
texture_disabled = ExtResource( 5 )
_sections_unfolded = [ "Rect", "Textures" ]

[node name="Tile27" type="TextureButton" parent="Tiles" index="26"]

anchor_left = 0.0
anchor_top = 0.0
anchor_right = 0.0
anchor_bottom = 0.0
margin_left = 800.0
margin_top = 200.0
margin_right = 848.0
margin_bottom = 248.0
rect_scale = Vector2( 2, 2 )
rect_pivot_offset = Vector2( 0, 0 )
rect_clip_content = false
focus_mode = 2
mouse_filter = 0
mouse_default_cursor_shape = 0
size_flags_horizontal = 1
size_flags_vertical = 1
disabled = true
toggle_mode = false
enabled_focus_mode = 2
shortcut = null
group = null
texture_normal = ExtResource( 6 )
texture_pressed = ExtResource( 4 )
texture_disabled = ExtResource( 5 )
_sections_unfolded = [ "Rect", "Textures" ]

[node name="Tile28" type="TextureButton" parent="Tiles" index="27"]

anchor_left = 0.0
anchor_top = 0.0
anchor_right = 0.0
anchor_bottom = 0.0
margin_top = 300.0
margin_right = 48.0
margin_bottom = 348.0
rect_scale = Vector2( 2, 2 )
rect_pivot_offset = Vector2( 0, 0 )
rect_clip_content = false
focus_mode = 2
mouse_filter = 0
mouse_default_cursor_shape = 0
size_flags_horizontal = 1
size_flags_vertical = 1
disabled = true
toggle_mode = false
enabled_focus_mode = 2
shortcut = null
group = null
texture_normal = ExtResource( 6 )
texture_pressed = ExtResource( 4 )
texture_disabled = ExtResource( 5 )
_sections_unfolded = [ "Rect", "Textures" ]

[node name="Tile29" type="TextureButton" parent="Tiles" index="28"]

anchor_left = 0.0
anchor_top = 0.0
anchor_right = 0.0
anchor_bottom = 0.0
margin_left = 100.0
margin_top = 300.0
margin_right = 148.0
margin_bottom = 348.0
rect_scale = Vector2( 2, 2 )
rect_pivot_offset = Vector2( 0, 0 )
rect_clip_content = false
focus_mode = 2
mouse_filter = 0
mouse_default_cursor_shape = 0
size_flags_horizontal = 1
size_flags_vertical = 1
disabled = true
toggle_mode = false
enabled_focus_mode = 2
shortcut = null
group = null
texture_normal = ExtResource( 6 )
texture_pressed = ExtResource( 4 )
texture_disabled = ExtResource( 5 )
_sections_unfolded = [ "Rect", "Textures" ]

[node name="Tile30" type="TextureButton" parent="Tiles" index="29"]

anchor_left = 0.0
anchor_top = 0.0
anchor_right = 0.0
anchor_bottom = 0.0
margin_left = 200.0
margin_top = 300.0
margin_right = 248.0
margin_bottom = 348.0
rect_scale = Vector2( 2, 2 )
rect_pivot_offset = Vector2( 0, 0 )
rect_clip_content = false
focus_mode = 2
mouse_filter = 0
mouse_default_cursor_shape = 0
size_flags_horizontal = 1
size_flags_vertical = 1
disabled = true
toggle_mode = false
enabled_focus_mode = 2
shortcut = null
group = null
texture_normal = ExtResource( 6 )
texture_pressed = ExtResource( 4 )
texture_disabled = ExtResource( 5 )
_sections_unfolded = [ "Rect", "Textures" ]

[node name="Tile31" type="TextureButton" parent="Tiles" index="30"]

anchor_left = 0.0
anchor_top = 0.0
anchor_right = 0.0
anchor_bottom = 0.0
margin_left = 300.0
margin_top = 300.0
margin_right = 348.0
margin_bottom = 348.0
rect_scale = Vector2( 2, 2 )
rect_pivot_offset = Vector2( 0, 0 )
rect_clip_content = false
focus_mode = 2
mouse_filter = 0
mouse_default_cursor_shape = 0
size_flags_horizontal = 1
size_flags_vertical = 1
disabled = true
toggle_mode = false
enabled_focus_mode = 2
shortcut = null
group = null
texture_normal = ExtResource( 6 )
texture_pressed = ExtResource( 4 )
texture_disabled = ExtResource( 5 )
_sections_unfolded = [ "Rect", "Textures" ]

[node name="Tile32" type="TextureButton" parent="Tiles" index="31"]

anchor_left = 0.0
anchor_top = 0.0
anchor_right = 0.0
anchor_bottom = 0.0
margin_left = 400.0
margin_top = 300.0
margin_right = 448.0
margin_bottom = 348.0
rect_scale = Vector2( 2, 2 )
rect_pivot_offset = Vector2( 0, 0 )
rect_clip_content = false
focus_mode = 2
mouse_filter = 0
mouse_default_cursor_shape = 0
size_flags_horizontal = 1
size_flags_vertical = 1
disabled = true
toggle_mode = false
enabled_focus_mode = 2
shortcut = null
group = null
texture_normal = ExtResource( 6 )
texture_pressed = ExtResource( 4 )
texture_disabled = ExtResource( 5 )
_sections_unfolded = [ "Rect", "Textures" ]

[node name="Tile33" type="TextureButton" parent="Tiles" index="32"]

anchor_left = 0.0
anchor_top = 0.0
anchor_right = 0.0
anchor_bottom = 0.0
margin_left = 500.0
margin_top = 300.0
margin_right = 548.0
margin_bottom = 348.0
rect_scale = Vector2( 2, 2 )
rect_pivot_offset = Vector2( 0, 0 )
rect_clip_content = false
focus_mode = 2
mouse_filter = 0
mouse_default_cursor_shape = 0
size_flags_horizontal = 1
size_flags_vertical = 1
disabled = true
toggle_mode = false
enabled_focus_mode = 2
shortcut = null
group = null
texture_normal = ExtResource( 6 )
texture_pressed = ExtResource( 4 )
texture_disabled = ExtResource( 5 )
_sections_unfolded = [ "Rect", "Textures" ]

[node name="Tile34" type="TextureButton" parent="Tiles" index="33"]

anchor_left = 0.0
anchor_top = 0.0
anchor_right = 0.0
anchor_bottom = 0.0
margin_left = 600.0
margin_top = 300.0
margin_right = 648.0
margin_bottom = 348.0
rect_scale = Vector2( 2, 2 )
rect_pivot_offset = Vector2( 0, 0 )
rect_clip_content = false
focus_mode = 2
mouse_filter = 0
mouse_default_cursor_shape = 0
size_flags_horizontal = 1
size_flags_vertical = 1
disabled = true
toggle_mode = false
enabled_focus_mode = 2
shortcut = null
group = null
texture_normal = ExtResource( 6 )
texture_pressed = ExtResource( 4 )
texture_disabled = ExtResource( 5 )
_sections_unfolded = [ "Rect", "Textures" ]

[node name="Tile35" type="TextureButton" parent="Tiles" index="34"]

anchor_left = 0.0
anchor_top = 0.0
anchor_right = 0.0
anchor_bottom = 0.0
margin_left = 700.0
margin_top = 300.0
margin_right = 748.0
margin_bottom = 348.0
rect_scale = Vector2( 2, 2 )
rect_pivot_offset = Vector2( 0, 0 )
rect_clip_content = false
focus_mode = 2
mouse_filter = 0
mouse_default_cursor_shape = 0
size_flags_horizontal = 1
size_flags_vertical = 1
disabled = true
toggle_mode = false
enabled_focus_mode = 2
shortcut = null
group = null
texture_normal = ExtResource( 6 )
texture_pressed = ExtResource( 4 )
texture_disabled = ExtResource( 5 )
_sections_unfolded = [ "Rect", "Textures" ]

[node name="Tile36" type="TextureButton" parent="Tiles" index="35"]

anchor_left = 0.0
anchor_top = 0.0
anchor_right = 0.0
anchor_bottom = 0.0
margin_left = 800.0
margin_top = 300.0
margin_right = 848.0
margin_bottom = 348.0
rect_scale = Vector2( 2, 2 )
rect_pivot_offset = Vector2( 0, 0 )
rect_clip_content = false
focus_mode = 2
mouse_filter = 0
mouse_default_cursor_shape = 0
size_flags_horizontal = 1
size_flags_vertical = 1
disabled = true
toggle_mode = false
enabled_focus_mode = 2
shortcut = null
group = null
texture_normal = ExtResource( 6 )
texture_pressed = ExtResource( 4 )
texture_disabled = ExtResource( 5 )
_sections_unfolded = [ "Rect", "Textures" ]

[node name="Tile37" type="TextureButton" parent="Tiles" index="36"]

anchor_left = 0.0
anchor_top = 0.0
anchor_right = 0.0
anchor_bottom = 0.0
margin_top = 400.0
margin_right = 48.0
margin_bottom = 448.0
rect_scale = Vector2( 2, 2 )
rect_pivot_offset = Vector2( 0, 0 )
rect_clip_content = false
focus_mode = 2
mouse_filter = 0
mouse_default_cursor_shape = 0
size_flags_horizontal = 1
size_flags_vertical = 1
disabled = true
toggle_mode = false
enabled_focus_mode = 2
shortcut = null
group = null
texture_normal = ExtResource( 6 )
texture_pressed = ExtResource( 4 )
texture_disabled = ExtResource( 5 )
_sections_unfolded = [ "Rect", "Textures" ]

[node name="Tile38" type="TextureButton" parent="Tiles" index="37"]

anchor_left = 0.0
anchor_top = 0.0
anchor_right = 0.0
anchor_bottom = 0.0
margin_left = 100.0
margin_top = 400.0
margin_right = 148.0
margin_bottom = 448.0
rect_scale = Vector2( 2, 2 )
rect_pivot_offset = Vector2( 0, 0 )
rect_clip_content = false
focus_mode = 2
mouse_filter = 0
mouse_default_cursor_shape = 0
size_flags_horizontal = 1
size_flags_vertical = 1
disabled = true
toggle_mode = false
enabled_focus_mode = 2
shortcut = null
group = null
texture_normal = ExtResource( 6 )
texture_pressed = ExtResource( 4 )
texture_disabled = ExtResource( 5 )
_sections_unfolded = [ "Rect", "Textures" ]

[node name="Tile39" type="TextureButton" parent="Tiles" index="38"]

anchor_left = 0.0
anchor_top = 0.0
anchor_right = 0.0
anchor_bottom = 0.0
margin_left = 200.0
margin_top = 400.0
margin_right = 248.0
margin_bottom = 448.0
rect_scale = Vector2( 2, 2 )
rect_pivot_offset = Vector2( 0, 0 )
rect_clip_content = false
focus_mode = 2
mouse_filter = 0
mouse_default_cursor_shape = 0
size_flags_horizontal = 1
size_flags_vertical = 1
disabled = true
toggle_mode = false
enabled_focus_mode = 2
shortcut = null
group = null
texture_normal = ExtResource( 6 )
texture_pressed = ExtResource( 4 )
texture_disabled = ExtResource( 5 )
_sections_unfolded = [ "Rect", "Textures" ]

[node name="Tile40" type="TextureButton" parent="Tiles" index="39"]

anchor_left = 0.0
anchor_top = 0.0
anchor_right = 0.0
anchor_bottom = 0.0
margin_left = 300.0
margin_top = 400.0
margin_right = 348.0
margin_bottom = 448.0
rect_scale = Vector2( 2, 2 )
rect_pivot_offset = Vector2( 0, 0 )
rect_clip_content = false
focus_mode = 2
mouse_filter = 0
mouse_default_cursor_shape = 0
size_flags_horizontal = 1
size_flags_vertical = 1
disabled = true
toggle_mode = false
enabled_focus_mode = 2
shortcut = null
group = null
texture_normal = ExtResource( 6 )
texture_pressed = ExtResource( 4 )
texture_disabled = ExtResource( 5 )
_sections_unfolded = [ "Rect", "Textures" ]

[node name="Tile41" type="TextureButton" parent="Tiles" index="40"]

anchor_left = 0.0
anchor_top = 0.0
anchor_right = 0.0
anchor_bottom = 0.0
margin_left = 400.0
margin_top = 400.0
margin_right = 448.0
margin_bottom = 448.0
rect_scale = Vector2( 2, 2 )
rect_pivot_offset = Vector2( 0, 0 )
rect_clip_content = false
focus_mode = 2
mouse_filter = 0
mouse_default_cursor_shape = 0
size_flags_horizontal = 1
size_flags_vertical = 1
disabled = true
toggle_mode = false
enabled_focus_mode = 2
shortcut = null
group = null
texture_normal = ExtResource( 6 )
texture_pressed = ExtResource( 4 )
texture_disabled = ExtResource( 5 )
_sections_unfolded = [ "Rect", "Textures" ]

[node name="Tile42" type="TextureButton" parent="Tiles" index="41"]

anchor_left = 0.0
anchor_top = 0.0
anchor_right = 0.0
anchor_bottom = 0.0
margin_left = 500.0
margin_top = 400.0
margin_right = 548.0
margin_bottom = 448.0
rect_scale = Vector2( 2, 2 )
rect_pivot_offset = Vector2( 0, 0 )
rect_clip_content = false
focus_mode = 2
mouse_filter = 0
mouse_default_cursor_shape = 0
size_flags_horizontal = 1
size_flags_vertical = 1
disabled = true
toggle_mode = false
enabled_focus_mode = 2
shortcut = null
group = null
texture_normal = ExtResource( 6 )
texture_pressed = ExtResource( 4 )
texture_disabled = ExtResource( 5 )
_sections_unfolded = [ "Rect", "Textures" ]

[node name="Tile43" type="TextureButton" parent="Tiles" index="42"]

anchor_left = 0.0
anchor_top = 0.0
anchor_right = 0.0
anchor_bottom = 0.0
margin_left = 600.0
margin_top = 400.0
margin_right = 648.0
margin_bottom = 448.0
rect_scale = Vector2( 2, 2 )
rect_pivot_offset = Vector2( 0, 0 )
rect_clip_content = false
focus_mode = 2
mouse_filter = 0
mouse_default_cursor_shape = 0
size_flags_horizontal = 1
size_flags_vertical = 1
disabled = true
toggle_mode = false
enabled_focus_mode = 2
shortcut = null
group = null
texture_normal = ExtResource( 6 )
texture_pressed = ExtResource( 4 )
texture_disabled = ExtResource( 5 )
_sections_unfolded = [ "Rect", "Textures" ]

[node name="Tile44" type="TextureButton" parent="Tiles" index="43"]

anchor_left = 0.0
anchor_top = 0.0
anchor_right = 0.0
anchor_bottom = 0.0
margin_left = 700.0
margin_top = 400.0
margin_right = 748.0
margin_bottom = 448.0
rect_scale = Vector2( 2, 2 )
rect_pivot_offset = Vector2( 0, 0 )
rect_clip_content = false
focus_mode = 2
mouse_filter = 0
mouse_default_cursor_shape = 0
size_flags_horizontal = 1
size_flags_vertical = 1
disabled = true
toggle_mode = false
enabled_focus_mode = 2
shortcut = null
group = null
texture_normal = ExtResource( 6 )
texture_pressed = ExtResource( 4 )
texture_disabled = ExtResource( 5 )
_sections_unfolded = [ "Rect", "Textures" ]

[node name="Tile45" type="TextureButton" parent="Tiles" index="44"]

anchor_left = 0.0
anchor_top = 0.0
anchor_right = 0.0
anchor_bottom = 0.0
margin_left = 800.0
margin_top = 400.0
margin_right = 848.0
margin_bottom = 448.0
rect_scale = Vector2( 2, 2 )
rect_pivot_offset = Vector2( 0, 0 )
rect_clip_content = false
focus_mode = 2
mouse_filter = 0
mouse_default_cursor_shape = 0
size_flags_horizontal = 1
size_flags_vertical = 1
disabled = true
toggle_mode = false
enabled_focus_mode = 2
shortcut = null
group = null
texture_normal = ExtResource( 6 )
texture_pressed = ExtResource( 4 )
texture_disabled = ExtResource( 5 )
_sections_unfolded = [ "Rect", "Textures" ]

[node name="Tile46" type="TextureButton" parent="Tiles" index="45"]

anchor_left = 0.0
anchor_top = 0.0
anchor_right = 0.0
anchor_bottom = 0.0
margin_top = 500.0
margin_right = 48.0
margin_bottom = 548.0
rect_scale = Vector2( 2, 2 )
rect_pivot_offset = Vector2( 0, 0 )
rect_clip_content = false
focus_mode = 2
mouse_filter = 0
mouse_default_cursor_shape = 0
size_flags_horizontal = 1
size_flags_vertical = 1
disabled = true
toggle_mode = false
enabled_focus_mode = 2
shortcut = null
group = null
texture_normal = ExtResource( 6 )
texture_pressed = ExtResource( 4 )
texture_disabled = ExtResource( 5 )
_sections_unfolded = [ "Rect", "Textures" ]

[node name="Tile47" type="TextureButton" parent="Tiles" index="46"]

anchor_left = 0.0
anchor_top = 0.0
anchor_right = 0.0
anchor_bottom = 0.0
margin_left = 100.0
margin_top = 500.0
margin_right = 148.0
margin_bottom = 548.0
rect_scale = Vector2( 2, 2 )
rect_pivot_offset = Vector2( 0, 0 )
rect_clip_content = false
focus_mode = 2
mouse_filter = 0
mouse_default_cursor_shape = 0
size_flags_horizontal = 1
size_flags_vertical = 1
disabled = true
toggle_mode = false
enabled_focus_mode = 2
shortcut = null
group = null
texture_normal = ExtResource( 6 )
texture_pressed = ExtResource( 4 )
texture_disabled = ExtResource( 5 )
_sections_unfolded = [ "Rect", "Textures" ]

[node name="Tile48" type="TextureButton" parent="Tiles" index="47"]

anchor_left = 0.0
anchor_top = 0.0
anchor_right = 0.0
anchor_bottom = 0.0
margin_left = 200.0
margin_top = 500.0
margin_right = 248.0
margin_bottom = 548.0
rect_scale = Vector2( 2, 2 )
rect_pivot_offset = Vector2( 0, 0 )
rect_clip_content = false
focus_mode = 2
mouse_filter = 0
mouse_default_cursor_shape = 0
size_flags_horizontal = 1
size_flags_vertical = 1
disabled = true
toggle_mode = false
enabled_focus_mode = 2
shortcut = null
group = null
texture_normal = ExtResource( 6 )
texture_pressed = ExtResource( 4 )
texture_disabled = ExtResource( 5 )
_sections_unfolded = [ "Rect", "Textures" ]

[node name="Tile49" type="TextureButton" parent="Tiles" index="48"]

anchor_left = 0.0
anchor_top = 0.0
anchor_right = 0.0
anchor_bottom = 0.0
margin_left = 300.0
margin_top = 500.0
margin_right = 348.0
margin_bottom = 548.0
rect_scale = Vector2( 2, 2 )
rect_pivot_offset = Vector2( 0, 0 )
rect_clip_content = false
focus_mode = 2
mouse_filter = 0
mouse_default_cursor_shape = 0
size_flags_horizontal = 1
size_flags_vertical = 1
disabled = true
toggle_mode = false
enabled_focus_mode = 2
shortcut = null
group = null
texture_normal = ExtResource( 6 )
texture_pressed = ExtResource( 4 )
texture_disabled = ExtResource( 5 )
_sections_unfolded = [ "Rect", "Textures" ]

[node name="Tile50" type="TextureButton" parent="Tiles" index="49"]

anchor_left = 0.0
anchor_top = 0.0
anchor_right = 0.0
anchor_bottom = 0.0
margin_left = 400.0
margin_top = 500.0
margin_right = 448.0
margin_bottom = 548.0
rect_scale = Vector2( 2, 2 )
rect_pivot_offset = Vector2( 0, 0 )
rect_clip_content = false
focus_mode = 2
mouse_filter = 0
mouse_default_cursor_shape = 0
size_flags_horizontal = 1
size_flags_vertical = 1
disabled = true
toggle_mode = false
enabled_focus_mode = 2
shortcut = null
group = null
texture_normal = ExtResource( 6 )
texture_pressed = ExtResource( 4 )
texture_disabled = ExtResource( 5 )
_sections_unfolded = [ "Rect", "Textures" ]

[node name="Tile51" type="TextureButton" parent="Tiles" index="50"]

anchor_left = 0.0
anchor_top = 0.0
anchor_right = 0.0
anchor_bottom = 0.0
margin_left = 500.0
margin_top = 500.0
margin_right = 548.0
margin_bottom = 548.0
rect_scale = Vector2( 2, 2 )
rect_pivot_offset = Vector2( 0, 0 )
rect_clip_content = false
focus_mode = 2
mouse_filter = 0
mouse_default_cursor_shape = 0
size_flags_horizontal = 1
size_flags_vertical = 1
disabled = true
toggle_mode = false
enabled_focus_mode = 2
shortcut = null
group = null
texture_normal = ExtResource( 6 )
texture_pressed = ExtResource( 4 )
texture_disabled = ExtResource( 5 )
_sections_unfolded = [ "Rect", "Textures" ]

[node name="Tile52" type="TextureButton" parent="Tiles" index="51"]

anchor_left = 0.0
anchor_top = 0.0
anchor_right = 0.0
anchor_bottom = 0.0
margin_left = 600.0
margin_top = 500.0
margin_right = 648.0
margin_bottom = 548.0
rect_scale = Vector2( 2, 2 )
rect_pivot_offset = Vector2( 0, 0 )
rect_clip_content = false
focus_mode = 2
mouse_filter = 0
mouse_default_cursor_shape = 0
size_flags_horizontal = 1
size_flags_vertical = 1
disabled = true
toggle_mode = false
enabled_focus_mode = 2
shortcut = null
group = null
texture_normal = ExtResource( 6 )
texture_pressed = ExtResource( 4 )
texture_disabled = ExtResource( 5 )
_sections_unfolded = [ "Rect", "Textures" ]

[node name="Tile53" type="TextureButton" parent="Tiles" index="52"]

anchor_left = 0.0
anchor_top = 0.0
anchor_right = 0.0
anchor_bottom = 0.0
margin_left = 700.0
margin_top = 500.0
margin_right = 748.0
margin_bottom = 548.0
rect_scale = Vector2( 2, 2 )
rect_pivot_offset = Vector2( 0, 0 )
rect_clip_content = false
focus_mode = 2
mouse_filter = 0
mouse_default_cursor_shape = 0
size_flags_horizontal = 1
size_flags_vertical = 1
disabled = true
toggle_mode = false
enabled_focus_mode = 2
shortcut = null
group = null
texture_normal = ExtResource( 6 )
texture_pressed = ExtResource( 4 )
texture_disabled = ExtResource( 5 )
_sections_unfolded = [ "Rect", "Textures" ]

[node name="Tile54" type="TextureButton" parent="Tiles" index="53"]

anchor_left = 0.0
anchor_top = 0.0
anchor_right = 0.0
anchor_bottom = 0.0
margin_left = 800.0
margin_top = 500.0
margin_right = 848.0
margin_bottom = 548.0
rect_scale = Vector2( 2, 2 )
rect_pivot_offset = Vector2( 0, 0 )
rect_clip_content = false
focus_mode = 2
mouse_filter = 0
mouse_default_cursor_shape = 0
size_flags_horizontal = 1
size_flags_vertical = 1
disabled = true
toggle_mode = false
enabled_focus_mode = 2
shortcut = null
group = null
texture_normal = ExtResource( 6 )
texture_pressed = ExtResource( 4 )
texture_disabled = ExtResource( 5 )
_sections_unfolded = [ "Rect", "Textures" ]

[node name="Tile55" type="TextureButton" parent="Tiles" index="54"]

anchor_left = 0.0
anchor_top = 0.0
anchor_right = 0.0
anchor_bottom = 0.0
margin_top = 600.0
margin_right = 48.0
margin_bottom = 648.0
rect_scale = Vector2( 2, 2 )
rect_pivot_offset = Vector2( 0, 0 )
rect_clip_content = false
focus_mode = 2
mouse_filter = 0
mouse_default_cursor_shape = 0
size_flags_horizontal = 1
size_flags_vertical = 1
disabled = true
toggle_mode = false
enabled_focus_mode = 2
shortcut = null
group = null
texture_normal = ExtResource( 6 )
texture_pressed = ExtResource( 4 )
texture_disabled = ExtResource( 5 )
_sections_unfolded = [ "Rect", "Textures" ]

[node name="Tile56" type="TextureButton" parent="Tiles" index="55"]

anchor_left = 0.0
anchor_top = 0.0
anchor_right = 0.0
anchor_bottom = 0.0
margin_left = 100.0
margin_top = 600.0
margin_right = 148.0
margin_bottom = 648.0
rect_scale = Vector2( 2, 2 )
rect_pivot_offset = Vector2( 0, 0 )
rect_clip_content = false
focus_mode = 2
mouse_filter = 0
mouse_default_cursor_shape = 0
size_flags_horizontal = 1
size_flags_vertical = 1
disabled = true
toggle_mode = false
enabled_focus_mode = 2
shortcut = null
group = null
texture_normal = ExtResource( 6 )
texture_pressed = ExtResource( 4 )
texture_disabled = ExtResource( 5 )
_sections_unfolded = [ "Rect", "Textures" ]

[node name="Tile57" type="TextureButton" parent="Tiles" index="56"]

anchor_left = 0.0
anchor_top = 0.0
anchor_right = 0.0
anchor_bottom = 0.0
margin_left = 200.0
margin_top = 600.0
margin_right = 248.0
margin_bottom = 648.0
rect_scale = Vector2( 2, 2 )
rect_pivot_offset = Vector2( 0, 0 )
rect_clip_content = false
focus_mode = 2
mouse_filter = 0
mouse_default_cursor_shape = 0
size_flags_horizontal = 1
size_flags_vertical = 1
disabled = true
toggle_mode = false
enabled_focus_mode = 2
shortcut = null
group = null
texture_normal = ExtResource( 6 )
texture_pressed = ExtResource( 4 )
texture_disabled = ExtResource( 5 )
_sections_unfolded = [ "Rect", "Textures" ]

[node name="Tile58" type="TextureButton" parent="Tiles" index="57"]

anchor_left = 0.0
anchor_top = 0.0
anchor_right = 0.0
anchor_bottom = 0.0
margin_left = 300.0
margin_top = 600.0
margin_right = 348.0
margin_bottom = 648.0
rect_scale = Vector2( 2, 2 )
rect_pivot_offset = Vector2( 0, 0 )
rect_clip_content = false
focus_mode = 2
mouse_filter = 0
mouse_default_cursor_shape = 0
size_flags_horizontal = 1
size_flags_vertical = 1
disabled = true
toggle_mode = false
enabled_focus_mode = 2
shortcut = null
group = null
texture_normal = ExtResource( 6 )
texture_pressed = ExtResource( 4 )
texture_disabled = ExtResource( 5 )
_sections_unfolded = [ "Rect", "Textures" ]

[node name="Tile59" type="TextureButton" parent="Tiles" index="58"]

anchor_left = 0.0
anchor_top = 0.0
anchor_right = 0.0
anchor_bottom = 0.0
margin_left = 400.0
margin_top = 600.0
margin_right = 448.0
margin_bottom = 648.0
rect_scale = Vector2( 2, 2 )
rect_pivot_offset = Vector2( 0, 0 )
rect_clip_content = false
focus_mode = 2
mouse_filter = 0
mouse_default_cursor_shape = 0
size_flags_horizontal = 1
size_flags_vertical = 1
disabled = true
toggle_mode = false
enabled_focus_mode = 2
shortcut = null
group = null
texture_normal = ExtResource( 6 )
texture_pressed = ExtResource( 4 )
texture_disabled = ExtResource( 5 )
_sections_unfolded = [ "Rect", "Textures" ]

[node name="Tile60" type="TextureButton" parent="Tiles" index="59"]

anchor_left = 0.0
anchor_top = 0.0
anchor_right = 0.0
anchor_bottom = 0.0
margin_left = 500.0
margin_top = 600.0
margin_right = 548.0
margin_bottom = 648.0
rect_scale = Vector2( 2, 2 )
rect_pivot_offset = Vector2( 0, 0 )
rect_clip_content = false
focus_mode = 2
mouse_filter = 0
mouse_default_cursor_shape = 0
size_flags_horizontal = 1
size_flags_vertical = 1
disabled = true
toggle_mode = false
enabled_focus_mode = 2
shortcut = null
group = null
texture_normal = ExtResource( 6 )
texture_pressed = ExtResource( 4 )
texture_disabled = ExtResource( 5 )
_sections_unfolded = [ "Rect", "Textures" ]

[node name="Tile61" type="TextureButton" parent="Tiles" index="60"]

anchor_left = 0.0
anchor_top = 0.0
anchor_right = 0.0
anchor_bottom = 0.0
margin_left = 600.0
margin_top = 600.0
margin_right = 648.0
margin_bottom = 648.0
rect_scale = Vector2( 2, 2 )
rect_pivot_offset = Vector2( 0, 0 )
rect_clip_content = false
focus_mode = 2
mouse_filter = 0
mouse_default_cursor_shape = 0
size_flags_horizontal = 1
size_flags_vertical = 1
disabled = true
toggle_mode = false
enabled_focus_mode = 2
shortcut = null
group = null
texture_normal = ExtResource( 6 )
texture_pressed = ExtResource( 4 )
texture_disabled = ExtResource( 5 )
_sections_unfolded = [ "Rect", "Textures" ]

[node name="Tile62" type="TextureButton" parent="Tiles" index="61"]

anchor_left = 0.0
anchor_top = 0.0
anchor_right = 0.0
anchor_bottom = 0.0
margin_left = 700.0
margin_top = 600.0
margin_right = 748.0
margin_bottom = 648.0
rect_scale = Vector2( 2, 2 )
rect_pivot_offset = Vector2( 0, 0 )
rect_clip_content = false
focus_mode = 2
mouse_filter = 0
mouse_default_cursor_shape = 0
size_flags_horizontal = 1
size_flags_vertical = 1
disabled = true
toggle_mode = false
enabled_focus_mode = 2
shortcut = null
group = null
texture_normal = ExtResource( 6 )
texture_pressed = ExtResource( 4 )
texture_disabled = ExtResource( 5 )
_sections_unfolded = [ "Rect", "Textures" ]

[node name="Tile63" type="TextureButton" parent="Tiles" index="62"]

anchor_left = 0.0
anchor_top = 0.0
anchor_right = 0.0
anchor_bottom = 0.0
margin_left = 800.0
margin_top = 600.0
margin_right = 848.0
margin_bottom = 648.0
rect_scale = Vector2( 2, 2 )
rect_pivot_offset = Vector2( 0, 0 )
rect_clip_content = false
focus_mode = 2
mouse_filter = 0
mouse_default_cursor_shape = 0
size_flags_horizontal = 1
size_flags_vertical = 1
disabled = true
toggle_mode = false
enabled_focus_mode = 2
shortcut = null
group = null
texture_normal = ExtResource( 6 )
texture_pressed = ExtResource( 4 )
texture_disabled = ExtResource( 5 )
_sections_unfolded = [ "Rect", "Textures" ]

[node name="Obstacles" type="Label" parent="." index="2"]

anchor_left = 0.0
anchor_top = 0.0
anchor_right = 0.0
anchor_bottom = 0.0
margin_left = 30.0
margin_top = 30.0
margin_right = 215.0
margin_bottom = 286.0
rect_scale = Vector2( 0.5, 0.5 )
rect_pivot_offset = Vector2( 0, 0 )
rect_clip_content = false
mouse_filter = 2
mouse_default_cursor_shape = 0
size_flags_horizontal = 1
size_flags_vertical = 4
custom_fonts/font = ExtResource( 7 )
text = "0"
percent_visible = 1.0
lines_skipped = 0
max_lines_visible = -1
_sections_unfolded = [ "Rect", "custom_fonts" ]

[node name="ObstaclesLabel" type="Label" parent="Obstacles" index="0"]

anchor_left = 0.0
anchor_top = 0.0
anchor_right = 0.0
anchor_bottom = 0.0
margin_right = 1157.0
margin_bottom = 116.0
rect_scale = Vector2( 0.5, 0.5 )
rect_pivot_offset = Vector2( 0, 0 )
rect_clip_content = false
mouse_filter = 2
mouse_default_cursor_shape = 0
size_flags_horizontal = 1
size_flags_vertical = 4
custom_fonts/font = ExtResource( 8 )
text = "Surrounding Obstacles"
percent_visible = 1.0
lines_skipped = 0
max_lines_visible = -1
_sections_unfolded = [ "Rect", "custom_fonts" ]

[node name="Score" type="Label" parent="." index="3"]

anchor_left = 0.0
anchor_top = 0.0
anchor_right = 0.0
anchor_bottom = 0.0
margin_left = 30.0
margin_top = 160.0
margin_right = 215.0
margin_bottom = 416.0
rect_scale = Vector2( 0.5, 0.5 )
rect_pivot_offset = Vector2( 0, 0 )
rect_clip_content = false
mouse_filter = 2
mouse_default_cursor_shape = 0
size_flags_horizontal = 1
size_flags_vertical = 4
custom_fonts/font = ExtResource( 7 )
text = "0"
percent_visible = 1.0
lines_skipped = 0
max_lines_visible = -1
_sections_unfolded = [ "Rect", "custom_fonts" ]

[node name="ScoreLabel" type="Label" parent="Score" index="0"]

anchor_left = 0.0
anchor_top = 0.0
anchor_right = 0.0
anchor_bottom = 0.0
margin_right = 1157.0
margin_bottom = 116.0
rect_scale = Vector2( 0.5, 0.5 )
rect_pivot_offset = Vector2( 0, 0 )
rect_clip_content = false
mouse_filter = 2
mouse_default_cursor_shape = 0
size_flags_horizontal = 1
size_flags_vertical = 4
custom_fonts/font = ExtResource( 8 )
text = "Score"
percent_visible = 1.0
lines_skipped = 0
max_lines_visible = -1
_sections_unfolded = [ "Rect", "custom_fonts" ]

[node name="Tryagain" type="Button" parent="." index="4"]

visible = false
anchor_left = 0.0
anchor_top = 0.0
anchor_right = 0.0
anchor_bottom = 0.0
margin_left = 589.0
margin_top = 384.0
margin_right = 770.0
margin_bottom = 433.0
rect_pivot_offset = Vector2( 0, 0 )
rect_clip_content = false
focus_mode = 2
mouse_filter = 0
mouse_default_cursor_shape = 0
size_flags_horizontal = 1
size_flags_vertical = 1
theme = ExtResource( 9 )
toggle_mode = false
enabled_focus_mode = 2
shortcut = null
group = null
text = "Try Again"
flat = false
align = 1
_sections_unfolded = [ "Rect", "Theme" ]

[node name="Label" type="Label" parent="Tryagain" index="0"]

anchor_left = 0.0
anchor_top = 0.0
anchor_right = 0.0
anchor_bottom = 0.0
margin_left = -494.0
margin_top = -104.0
margin_right = 688.0
margin_bottom = 20.0
rect_pivot_offset = Vector2( 0, 0 )
rect_clip_content = false
mouse_filter = 2
mouse_default_cursor_shape = 0
size_flags_horizontal = 1
size_flags_vertical = 4
custom_fonts/font = ExtResource( 8 )
custom_colors/font_color = Color( 0, 1, 0.460938, 1 )
custom_colors/font_color_shadow = Color( 0.277344, 0.277344, 0.277344, 1 )
custom_constants/shadow_offset_x = 10
custom_constants/shadow_offset_y = 10
text = "You ran into something."
percent_visible = 1.0
lines_skipped = 0
max_lines_visible = -1
_sections_unfolded = [ "custom_colors", "custom_constants" ]

[node name="Button" type="Button" parent="Tryagain" index="1"]

anchor_left = 0.0
anchor_top = 0.0
anchor_right = 0.0
anchor_bottom = 0.0
margin_top = 55.0
margin_right = 181.0
margin_bottom = 104.0
rect_pivot_offset = Vector2( 0, 0 )
rect_clip_content = false
focus_mode = 2
mouse_filter = 0
mouse_default_cursor_shape = 0
size_flags_horizontal = 1
size_flags_vertical = 1
toggle_mode = false
enabled_focus_mode = 2
shortcut = null
group = null
text = "Give Up"
flat = false
align = 1
_sections_unfolded = [ "Rect" ]

[node name="Continue" type="Button" parent="." index="5"]

visible = false
anchor_left = 0.0
anchor_top = 0.0
anchor_right = 0.0
anchor_bottom = 0.0
margin_left = 589.0
margin_top = 384.0
margin_right = 770.0
margin_bottom = 433.0
rect_pivot_offset = Vector2( 0, 0 )
rect_clip_content = false
focus_mode = 2
mouse_filter = 0
mouse_default_cursor_shape = 0
size_flags_horizontal = 1
size_flags_vertical = 1
theme = ExtResource( 9 )
toggle_mode = false
enabled_focus_mode = 2
shortcut = null
group = null
text = "Continue"
flat = false
align = 1
_sections_unfolded = [ "Rect", "Theme" ]

[node name="Label" type="Label" parent="Continue" index="0"]

anchor_left = 0.0
anchor_top = 0.0
anchor_right = 0.0
anchor_bottom = 0.0
margin_left = -377.0
margin_top = -125.0
margin_right = 577.0
margin_bottom = -1.0
rect_pivot_offset = Vector2( 0, 0 )
rect_clip_content = false
mouse_filter = 2
mouse_default_cursor_shape = 0
size_flags_horizontal = 1
size_flags_vertical = 4
custom_fonts/font = ExtResource( 8 )
custom_colors/font_color = Color( 0, 1, 0.460938, 1 )
custom_colors/font_color_shadow = Color( 0.277344, 0.277344, 0.277344, 1 )
custom_constants/shadow_offset_x = 10
custom_constants/shadow_offset_y = 10
text = "Your logic prevails!"
percent_visible = 1.0
lines_skipped = 0
max_lines_visible = -1
_sections_unfolded = [ "custom_colors", "custom_constants" ]

[node name="mUSIC" type="AudioStreamPlayer" parent="." index="6"]

stream = ExtResource( 10 )
volume_db = 0.0
autoplay = true
mix_target = 0
bus = "BGM"

[node name="Fail" type="AudioStreamPlayer" parent="." index="7"]

stream = ExtResource( 11 )
volume_db = 0.0
autoplay = false
mix_target = 0
bus = "SFX"

[node name="Selected" type="AudioStreamPlayer" parent="." index="8"]

stream = ExtResource( 12 )
volume_db = 0.0
autoplay = false
mix_target = 0
bus = "SFX"

[node name="Success" type="AudioStreamPlayer" parent="." index="9"]

stream = ExtResource( 13 )
volume_db = 0.0
autoplay = false
mix_target = 0
bus = "SFX"

[node name="Start" type="AudioStreamPlayer" parent="." index="10"]

stream = ExtResource( 14 )
volume_db = 0.0
autoplay = false
mix_target = 0
bus = "SFX"

[connection signal="pressed" from="Tryagain" to="." method="restart"]

[connection signal="pressed" from="Tryagain/Button" to="." method="backtocampus"]

[connection signal="pressed" from="Continue" to="." method="backtocampus"]


