[gd_scene load_steps=6 format=2]

[ext_resource path="res://puzzles/2048/KinematicBody2D.gd" type="Script" id=1]
[ext_resource path="res://puzzles/2048/Untitled.png" type="Texture" id=2]

[sub_resource type="RectangleShape2D" id=1]

custom_solver_bias = 0.0
extents = Vector2( 10, 20 )

[sub_resource type="RectangleShape2D" id=2]

custom_solver_bias = 0.0
extents = Vector2( 2, 18 )

[sub_resource type="GDScript" id=3]

script/source = "extends Area2D

# class member variables go here, for example:
# var a = 2
# var b = \"textvar\"

func _ready():
	# Called every time the node is added to the scene.
	# Initialization here
	pass

#func _process(delta):
#	# Called every frame. Delta is time since last frame.
#	# Update game logic here.
#	pass
"

[node name="number" type="Node2D"]

[node name="KinematicBody2D" type="KinematicBody2D" parent="." index="0"]

position = Vector2( 64, 64 )
input_pickable = false
collision_layer = 1
collision_mask = 1
collision/safe_margin = 0.08
script = ExtResource( 1 )
_sections_unfolded = [ "Collision", "Pickable", "Transform", "Visibility", "collision" ]
__meta__ = {
"_edit_group_": true
}

[node name="Sprite" type="Sprite" parent="KinematicBody2D" index="0"]

texture = ExtResource( 2 )
centered = false
region_enabled = true
region_rect = Rect2( 0, 0, 32, 32 )
_sections_unfolded = [ "Animation", "Offset", "Region" ]

[node name="CollisionShape2D" type="CollisionShape2D" parent="KinematicBody2D" index="1"]

position = Vector2( 15.9671, 15.9996 )
scale = Vector2( 1.59849, 0.802714 )
shape = SubResource( 1 )
_sections_unfolded = [ "Material", "Transform", "Visibility", "Z Index" ]

[node name="up" type="Area2D" parent="KinematicBody2D" index="2"]

editor/display_folded = true
input_pickable = true
gravity_vec = Vector2( 0, 1 )
gravity = 98.0
linear_damp = 0.1
angular_damp = 1.0
audio_bus_override = false
audio_bus_name = "Master"

[node name="CollisionShape2D" type="CollisionShape2D" parent="KinematicBody2D/up" index="0"]

position = Vector2( 16, 6.5 )
scale = Vector2( 1, 0.5 )
shape = SubResource( 2 )
_sections_unfolded = [ "Material", "Transform" ]

[node name="down" type="Area2D" parent="KinematicBody2D" index="3"]

editor/display_folded = true
input_pickable = true
gravity_vec = Vector2( 0, 1 )
gravity = 98.0
linear_damp = 0.1
angular_damp = 1.0
audio_bus_override = false
audio_bus_name = "Master"

[node name="CollisionShape2D" type="CollisionShape2D" parent="KinematicBody2D/down" index="0"]

position = Vector2( 16, 25 )
scale = Vector2( 1, 0.523809 )
shape = SubResource( 2 )
_sections_unfolded = [ "Material", "Transform" ]

[node name="right" type="Area2D" parent="KinematicBody2D" index="4"]

editor/display_folded = true
position = Vector2( 0, 0.5 )
scale = Vector2( 1, 0.984375 )
input_pickable = true
gravity_vec = Vector2( 0, 1 )
gravity = 98.0
linear_damp = 0.1
angular_damp = 1.0
audio_bus_override = false
audio_bus_name = "Master"
script = SubResource( 3 )

[node name="CollisionShape2D" type="CollisionShape2D" parent="KinematicBody2D/right" index="0"]

position = Vector2( 21, 15.746 )
scale = Vector2( 6.6, 0.119048 )
shape = SubResource( 2 )
_sections_unfolded = [ "Material", "Transform" ]

[node name="left" type="Area2D" parent="KinematicBody2D" index="5"]

editor/display_folded = true
position = Vector2( 0, 1 )
scale = Vector2( 1, 0.984375 )
input_pickable = true
gravity_vec = Vector2( 0, 1 )
gravity = 98.0
linear_damp = 0.1
angular_damp = 1.0
audio_bus_override = false
audio_bus_name = "Master"
script = SubResource( 3 )

[node name="CollisionShape2D" type="CollisionShape2D" parent="KinematicBody2D/left" index="0"]

position = Vector2( 11, 15.2381 )
scale = Vector2( 6.6, 0.119048 )
shape = SubResource( 2 )
_sections_unfolded = [ "Material", "Transform" ]

[connection signal="body_entered" from="KinematicBody2D/up" to="KinematicBody2D" method="_on_up_body_entered"]

[connection signal="body_entered" from="KinematicBody2D/down" to="KinematicBody2D" method="_on_down_body_entered"]

[connection signal="body_entered" from="KinematicBody2D/right" to="KinematicBody2D" method="_on_right_body_entered"]

[connection signal="body_entered" from="KinematicBody2D/left" to="KinematicBody2D" method="_on_left_body_entered"]


