[gd_scene load_steps=5 format=2]

[ext_resource path="res://player/items/item_menu.gd" type="Script" id=1]
[ext_resource path="res://assets/textures/energy_drink.png" type="Texture" id=2]
[ext_resource path="res://assets/textures/spaghetti.png" type="Texture" id=3]
[ext_resource path="res://assets/textures/ramen.png" type="Texture" id=4]

[node name="itemMenu" type="CanvasLayer" index="0"]

layer = 1
offset = Vector2( 0, 0 )
rotation = 0.0
scale = Vector2( 1, 1 )
transform = Transform2D( 1, 0, 0, 1, 0, 0 )
script = ExtResource( 1 )

[node name="ViewportContainer" type="ViewportContainer" parent="." index="0"]

anchor_left = 0.0
anchor_top = 0.0
anchor_right = 0.0
anchor_bottom = 0.0
margin_left = -160.0
margin_top = 548.0
margin_right = -120.0
margin_bottom = 588.0
rect_pivot_offset = Vector2( 0, 0 )
mouse_filter = 0
mouse_default_cursor_shape = 0
size_flags_horizontal = 1
size_flags_vertical = 1
stretch = false
stretch_shrink = 1

[node name="item_bar" type="Panel" parent="ViewportContainer" index="0"]

self_modulate = Color( 0, 0, 0, 0.705882 )
anchor_left = 0.0
anchor_top = 0.0
anchor_right = 0.0
anchor_bottom = 0.0
margin_left = 160.0
margin_top = 157.0
margin_right = 480.0
margin_bottom = 220.0
rect_pivot_offset = Vector2( 0, 0 )
mouse_filter = 0
mouse_default_cursor_shape = 0
size_flags_horizontal = 1
size_flags_vertical = 1
_sections_unfolded = [ "Focus", "Grow Direction", "Hint", "Margin", "Mouse", "Rect", "Size Flags", "Theme", "Visibility" ]

[node name="energy_panel" type="Panel" parent="ViewportContainer/item_bar" index="0"]

self_modulate = Color( 0, 0, 0, 0.164706 )
anchor_left = 0.0
anchor_top = 0.0
anchor_right = 0.0
anchor_bottom = 0.0
margin_left = 256.0
margin_right = 319.0
margin_bottom = 63.0
rect_pivot_offset = Vector2( 0, 0 )
mouse_filter = 0
mouse_default_cursor_shape = 0
size_flags_horizontal = 1
size_flags_vertical = 1
_sections_unfolded = [ "Material", "Rect", "Theme", "Visibility" ]

[node name="energyDrink" type="TextureButton" parent="ViewportContainer/item_bar/energy_panel" index="0"]

anchor_left = 0.0
anchor_top = 0.0
anchor_right = 0.0
anchor_bottom = 0.0
margin_right = 64.0
margin_bottom = 63.0
rect_pivot_offset = Vector2( 0, 0 )
focus_mode = 2
mouse_filter = 0
mouse_default_cursor_shape = 0
size_flags_horizontal = 1
size_flags_vertical = 1
toggle_mode = false
enabled_focus_mode = 2
shortcut = null
group = null
texture_normal = ExtResource( 2 )
expand = true
stretch_mode = 3
_sections_unfolded = [ "Textures", "Visibility" ]
__meta__ = {
"_edit_group_": true
}

[node name="energyCounter" type="Label" parent="ViewportContainer/item_bar/energy_panel/energyDrink" index="0"]

anchor_left = 0.0
anchor_top = 0.0
anchor_right = 0.0
anchor_bottom = 0.0
margin_top = 49.0
margin_right = 40.0
margin_bottom = 63.0
rect_pivot_offset = Vector2( 0, 0 )
mouse_filter = 2
mouse_default_cursor_shape = 0
size_flags_horizontal = 1
size_flags_vertical = 4
percent_visible = 1.0
lines_skipped = 0
max_lines_visible = -1

[node name="quality_panel" type="Panel" parent="ViewportContainer/item_bar" index="1"]

self_modulate = Color( 0, 0, 0, 0.165765 )
anchor_left = 0.0
anchor_top = 0.0
anchor_right = 0.0
anchor_bottom = 0.0
margin_left = 128.0
margin_right = 191.0
margin_bottom = 63.0
rect_pivot_offset = Vector2( 0, 0 )
mouse_filter = 0
mouse_default_cursor_shape = 0
size_flags_horizontal = 1
size_flags_vertical = 1
_sections_unfolded = [ "Visibility" ]

[node name="qualityMeal" type="TextureButton" parent="ViewportContainer/item_bar/quality_panel" index="0"]

anchor_left = 0.0
anchor_top = 0.0
anchor_right = 0.0
anchor_bottom = 0.0
margin_right = 63.0
margin_bottom = 64.0
rect_pivot_offset = Vector2( 0, 0 )
focus_mode = 2
mouse_filter = 0
mouse_default_cursor_shape = 0
size_flags_horizontal = 1
size_flags_vertical = 1
toggle_mode = false
enabled_focus_mode = 2
shortcut = null
group = null
texture_normal = ExtResource( 3 )
expand = true
stretch_mode = 3
_sections_unfolded = [ "Textures" ]
__meta__ = {
"_edit_group_": true
}

[node name="qualityCounter" type="Label" parent="ViewportContainer/item_bar/quality_panel/qualityMeal" index="0"]

anchor_left = 0.0
anchor_top = 0.0
anchor_right = 0.0
anchor_bottom = 0.0
margin_top = 49.0
margin_right = 40.0
margin_bottom = 63.0
rect_pivot_offset = Vector2( 0, 0 )
mouse_filter = 2
mouse_default_cursor_shape = 0
size_flags_horizontal = 1
size_flags_vertical = 4
percent_visible = 1.0
lines_skipped = 0
max_lines_visible = -1

[node name="simple_panel" type="Panel" parent="ViewportContainer/item_bar" index="2"]

self_modulate = Color( 0, 0, 0, 0.164706 )
anchor_left = 0.0
anchor_top = 0.0
anchor_right = 0.0
anchor_bottom = 0.0
margin_right = 63.0
margin_bottom = 63.0
rect_pivot_offset = Vector2( 0, 0 )
mouse_filter = 0
mouse_default_cursor_shape = 0
size_flags_horizontal = 1
size_flags_vertical = 1
_sections_unfolded = [ "Rect", "Visibility", "custom_styles" ]
__meta__ = {
"_edit_group_": true
}

[node name="simpleMeal" type="TextureButton" parent="ViewportContainer/item_bar/simple_panel" index="0"]

anchor_left = 0.0
anchor_top = 0.0
anchor_right = 0.0
anchor_bottom = 0.0
margin_right = 62.0
margin_bottom = 63.0
rect_pivot_offset = Vector2( 0, 0 )
focus_mode = 2
mouse_filter = 0
mouse_default_cursor_shape = 0
size_flags_horizontal = 1
size_flags_vertical = 1
toggle_mode = false
enabled_focus_mode = 2
shortcut = null
group = null
texture_normal = ExtResource( 4 )
expand = true
stretch_mode = 3
_sections_unfolded = [ "Textures" ]

[node name="simpleCounter" type="Label" parent="ViewportContainer/item_bar/simple_panel/simpleMeal" index="0"]

anchor_left = 0.0
anchor_top = 0.0
anchor_right = 0.0
anchor_bottom = 0.0
margin_top = 49.0
margin_right = 40.0
margin_bottom = 63.0
rect_pivot_offset = Vector2( 0, 0 )
mouse_filter = 2
mouse_default_cursor_shape = 0
size_flags_horizontal = 1
size_flags_vertical = 4
percent_visible = 1.0
lines_skipped = 0
max_lines_visible = -1

[node name="tooltip_panel" type="Panel" parent="ViewportContainer" index="1"]

self_modulate = Color( 0, 0, 0, 0.491726 )
anchor_left = 0.0
anchor_top = 0.0
anchor_right = 0.0
anchor_bottom = 0.0
margin_left = 160.0
margin_top = 69.0
margin_right = 480.0
margin_bottom = 158.0
rect_pivot_offset = Vector2( 0, 0 )
mouse_filter = 0
mouse_default_cursor_shape = 0
size_flags_horizontal = 1
size_flags_vertical = 1
_sections_unfolded = [ "Material", "Rect", "Visibility" ]

[node name="modifiers" type="Label" parent="ViewportContainer/tooltip_panel" index="0"]

anchor_left = 0.0
anchor_top = 0.0
anchor_right = 0.0
anchor_bottom = 0.0
margin_left = -3.0
margin_top = 63.0
margin_right = 317.0
margin_bottom = 85.0
rect_pivot_offset = Vector2( 0, 0 )
mouse_filter = 2
mouse_default_cursor_shape = 0
size_flags_horizontal = 1
size_flags_vertical = 4
align = 1
percent_visible = 1.0
lines_skipped = 0
max_lines_visible = -1

[node name="description" type="Label" parent="ViewportContainer/tooltip_panel" index="1"]

anchor_left = 0.0
anchor_top = 0.0
anchor_right = 0.0
anchor_bottom = 0.0
margin_left = -1.0
margin_top = 13.0
margin_right = 319.0
margin_bottom = 53.0
rect_pivot_offset = Vector2( 0, 0 )
mouse_filter = 2
mouse_default_cursor_shape = 0
size_flags_horizontal = 1
size_flags_vertical = 4
align = 1
percent_visible = 1.0
lines_skipped = 0
max_lines_visible = -1

[node name="timerBox" type="Node" parent="." index="1"]

[connection signal="mouse_entered" from="ViewportContainer/item_bar/energy_panel/energyDrink" to="." method="_on_energyDrink_mouse_entered"]

[connection signal="mouse_exited" from="ViewportContainer/item_bar/energy_panel/energyDrink" to="." method="_on_energyDrink_mouse_exited"]

[connection signal="pressed" from="ViewportContainer/item_bar/energy_panel/energyDrink" to="." method="_on_energyButton_pressed"]

[connection signal="mouse_entered" from="ViewportContainer/item_bar/quality_panel/qualityMeal" to="." method="_on_qualityMeal_mouse_entered"]

[connection signal="mouse_exited" from="ViewportContainer/item_bar/quality_panel/qualityMeal" to="." method="_on_qualityMeal_mouse_exited"]

[connection signal="pressed" from="ViewportContainer/item_bar/quality_panel/qualityMeal" to="." method="_on_qualityMeal_pressed"]

[connection signal="mouse_entered" from="ViewportContainer/item_bar/simple_panel/simpleMeal" to="." method="_on_simpleMeal_mouse_entered"]

[connection signal="mouse_exited" from="ViewportContainer/item_bar/simple_panel/simpleMeal" to="." method="_on_simpleMeal_mouse_exited"]

[connection signal="pressed" from="ViewportContainer/item_bar/simple_panel/simpleMeal" to="." method="_on_simpleMeal_pressed"]


